3010 4904
771 345 812 407 40

245 535 300 616 (cl.
323 534 356 599 in
379 533 525 598 Philonis
547 533 603 597 lib.
627 553 675 616 cp.
701 533 755 611 IV,
783 537 807 594 l.
830 521 899 594 ἀλλ’
915 519 1103 615 Ὄλυμπον),
1137 540 1169 597 et
1202 533 1235 596 in
1268 533 1337 614 qni·
1429 576 1431 584 s

243 643 377 709 busdam
407 642 709 727 praepositionibus,
733 639 787 706 ubi
811 641 978 706 Philonem
1012 660 1137 723 quoque
1171 642 1258 707 haud
1291 643 1339 708 ita

224 773 316 817 ‹raro
341 753 476 817 elisione
508 771 601 816 usum
632 750 733 815 fuisse
763 769 860 834 supra
884 751 959 828 (not.
976 751 1006 830 7)
1042 752 1230 816 monuimus.
1275 771 1337 833 quo

246 862 370 928 accedit
392 861 477 943 quod
498 861 582 925 sicut
603 859 706 942 Philo,
728 860 773 923 ita
798 857 985 923 Archidami
1008 859 1145 943 scriptor·
1165 867 1197 925 et
1220 860 1337 926 articu-

243 971 285 1036 lis
297 974 319 1012 ¹³
341 971 484 1036 uocalem
509 975 541 1034 et
556 966 609 1030 καί
625 968 801 1051 particulae
811 970 834 1008 ¹⁴
858 967 1052 1050 subiungere
1069 970 1193 1034 uitauit.
1227 970 1337 1052 itaque

244 1099 308 1145 non
330 1080 377 1144 ita
399 1079 532 1144 multum
556 1079 711 1143 interesse
733 1078 818 1143 inter
839 1085 1006 1160 utrumque
1031 1080 1219 1164 scriptorem
1235 1079 1337 1143 mani-

244 1189 361 1254 festum
383 1195 441 1253 ert.
486 1187 637 1253 Eiusdem
659 1195 765 1252 autern
785 1188 912 1270 generis
935 1195 984 1252 est
1007 1207 1089 1270 quae
1112 1189 1194 1254 hano
1215 1189 1337 1272 excipit
1399 1273 1403 1282 ι

245 1296 436 1362 declamatio
459 1298 501 1380 lp.
518 1300 578 1360 430
595 1299 692 1379 sqq),
713 1295 857 1362 eiusdem
887 1316 969 1378 quae
996 1291 1147 1381 Ῥήτορος
1169 1291 1265 1380 λόγος
1287 1299 1335 1361 in-

245 1405 394 1472 scribitur
417 1405 459 1490 (p.
475 1409 534 1470 512
547 1406 639 1487 sqq.),
662 1405 864 1488 omniumque
881 1405 909 1470 si
925 1407 1003 1487 quid
1017 1407 1113 1471 uideo
1125 1401 1353 1471 Philonianac'

244 1515 409 1579 simillima
431 1518 473 1598 (p.
491 1518 550 1578 739
567 1519 648 1597 sqq.)
670 1513 794 1601 τυφλοῦ
816 1509 1044 1599 φιλονοάτορος
1065 1506 1236 1598 ἀπολογία.

344 1623 408 1690 Sed
430 1623 481 1688 his
505 1624 581 1688 licet
612 1630 698 1688 recte
719 1624 922 1707 probauerim
955 1643 1018 1690 non
1048 1645 1145 1690 unum
1167 1625 1337 1690 Philonem

244 1734 408 1818 proprium
431 1731 592 1814 quoddam
614 1733 655 1796 de
674 1731 764 1798 hiatu
787 1741 993 1817 praeceptum
1016 1734 1215 1813 obseruasse,
1237 1743 1338 1801 restat

244 1841 533 1925 demonstrandum,
546 1849 740 1925 quapropter
762 1841 843 1906 illud
861 1849 935 1906 ante
958 1844 1060 1924 quinti
1077 1845 1196 1908 saeculi
1211 1852 1337 1928 partem

243 1953 453 2036 posteriorem
482 1952 515 2014 in
550 1971 610 2016 usu
643 1951 745 2016 fuisse
777 1971 900 2036 negem,
935 1953 1086 2036 quoniam
1119 1973 1199 2035 quas
1233 1955 1336 2020 adtuli

244 2059 492 2144 scriptiunculac
508 2079 570 2140 quo
590 2066 732 2142 tempore
748 2061 948 2144 conscriptae
969 2061 1034 2126 sint
1049 2061 1180 2126 minime
1200 2070 1292 2127 const
1314 2071 1336 2128 t.

245 2170 287 2235 At
309 2188 372 2234 non
395 2169 481 2233 omni
503 2188 561 2234 nos
584 2167 700 2234 aetatis
728 2169 848 2234 indicio
879 2169 1049 2235 destitutos
1082 2190 1153 2236 esse
1175 2172 1335 2237 existimo.

243 2280 421 2363 praemissa
443 2279 528 2343 enim
549 2279 687 2361 singulis
718 2277 1007 2344 declamationibus
1032 2279 1109 2344 bina
1143 2289 1217 2345 sunt
1238 2281 1332 2362 quasi

244 2388 418 2473 prooemia,
440 2407 573 2470 qnorum
597 2388 704 2471 priore
732 2386 894 2474 „deroplpd
931 2397 1151 2472 argumentum
1174 2389 1334 2455 declama-

243 2499 349 2576 tionis,
376 2498 477 2563 altera
501 2495 733 2582 „consancta
760 2497 838 2580 quid
860 2497 923 2564 sibi
944 2498 1072 2563 uolitet
1094 2498 1253 2580 quomodo
1268 2504 1333 2563 tra-

244 2607 394 2672 ctandum
426 2607 469 2672 sit
501 2613 737 2690 argumentum,
771 2625 835 2689 qua
866 2607 990 2672 ratione
1023 2606 1159 2672 dicentis
1196 2625 1336 2691 persona

243 2716 441 2783 instituenda
462 2714 631 2799 scriptor·¹⁵
655 2715 795 2798 exponit.
810 2715 1013 2798 subiungitur
1028 2717 1172 2781 alterutri
1191 2715 1334 2796 μελετῶ-

243 2847 303 2906 μεν
324 2819 383 2889 τὸν
404 2816 611 2905 Ἀρχίδαμον,
633 2818 690 2887 τὸν
709 2817 830 2908 ῥήτορα
853 2823 923 2889 sim.
975 2824 1070 2888 Talia
1096 2832 1202 2890 autem
1224 2843 1335 2908 prooe-

287 3145 289 3150 .
343 3085 375 3139 13
404 3103 489 3138 unum
506 3089 549 3138 est
569 3085 723 3155 exemplum
743 3105 769 3155 p.
783 3083 873 3150 422,5
893 3083 908 3152 ἡ
927 3081 981 3158 ἐμή
1007 3087 1044 3156 (in
1065 3086 1165 3140 ceteris
1193 3085 1252 3140 cius
1270 3104 1334 3156 pro·

243 3182 362 3236 nominis
389 3181 486 3235 formis
506 3183 540 3235 ab
560 3181 641 3236 huius
660 3183 823 3252 disciplinae
841 3183 1022 3252 scriptoribus
1041 3184 1112 3236 crasi
1131 3183 1257 3236 adhibita
1276 3183 1334 3236 hia·

243 3283 289 3332 tus
308 3280 414 3332 nitatur
430 3274 533 3349 scriptori
550 3275 634 3350 τῴμῷ
651 3275 724 3352 τῇμῇ
741 3282 800 3334 sim.
827 3279 922 3336 codem
942 3279 1025 3333 modo
1044 3277 1058 3332 ὁ
1079 3273 1159 3338 αὐτός
1185 3282 1213 3332 et
1231 3277 1246 3332 ὁ
1266 3275 1334 3348 ἀνήρ

242 3375 392 3443 interdum,
410 3374 458 3427 sed
476 3391 585 3442 semper
603 3371 700 3428 ταύτόν
715 3371 797 3429 ταύτά
815 3371 930 3446 τάνδρός
950 3373 1048 3446 τάνδρί
1064 3377 1097 3430 al.
1112 3377 1276 3444 scripsere).
1296 3377 1335 3429 al·

243 3477 303 3527 tero
322 3472 383 3526 loco
399 3489 425 3540 p.
437 3473 498 3536 426,
513 3469 543 3524 ll
565 3489 616 3540 pro
634 3473 665 3544 τῇ
685 3470 774 3541 ἡλικίᾳ
793 3474 851 3526 sine
869 3473 954 3527 dubio
967 3473 1142 3527 scribendum
1162 3469 1211 3538 τὴν
1228 3471 1334 3539 ἡλικίαν

243 3569 388 3623 commatis
406 3568 485 3636 signo
504 3573 568 3635 post
586 3583 645 3620 eam
663 3585 760 3622 uocem
780 3567 879 3622 deleto.
1235 3545 1242 3570 '

343 3666 376 3716 14
405 3663 513 3718 duobus
532 3662 573 3716 his
592 3661 660 3716 locis
678 3662 781 3732 legitur
800 3681 826 3732 p.
841 3665 901 3727 425,
916 3666 949 3718 18
965 3668 1010 3718 καὶ
1027 3659 1207 3736 ὀκνηρότερον
1224 3667 1253 3718 et
1271 3666 1333 3732 427,

246 3761 278 3812 16
297 3756 342 3812 xcii
358 3755 389 3812 οὐ
403 3760 446 3812 δεῖ
463 3800 468 3812 .
489 3759 563 3828 quod
576 3757 733 3812 addendum
745 3760 886 3827 putaueris
905 3778 931 3828 p.
945 3761 1005 3828 425,
1018 3762 1052 3814 26
1070 3764 1115 3812 καὶ
1135 3758 1171 3820 ὠς
1190 3777 1275 3829 pausa
1294 3761 1336 3813 in·

243 3856 403 3910 tercedente
423 3860 588 3916 excusatur,
608 3854 724 3926 aliisque
743 3855 811 3909 loeis
829 3856 901 3909 crasi
920 3856 1040 3925 scriptor
1059 3875 1123 3910 usus
1143 3861 1185 3910 est
1202 3875 1228 3926 p.
1240 3858 1332 3924 laus

243 3955 272 4008 et
293 3951 324 4006 16
346 3947 420 4022 κάμέ
440 3981 470 3990 -
489 3967 516 4019 p.
530 3953 591 4016 425,
608 3953 647 4004 ll.
666 3952 727 4012 426,
741 3952 775 4004 24
793 3944 845 4004 κᾶν
862 3979 896 3990 -·
914 3951 976 4016 427,
992 3953 1025 4006 28
1043 3946 1127 4022 κᾶγώ.

344 4049 375 4100 15
406 4065 469 4101 nam
486 4049 522 4102 ab
551 4048 599 4119 illo
628 4065 660 4102 ea
677 4049 820 4116 prooemia
848 4049 1000 4117 praemissa
1022 4065 1082 4102 csse
1108 4049 1275 4104 documento
1304 4049 1334 4104 id

242 4159 352 4212 quoque
370 4147 411 4198 est
430 4143 505 4212 quod
521 4143 618 4197 eodem
636 4143 718 4198 modo
751 4147 834 4212 atque
853 4145 882 4197 ln
900 4145 961 4214 ipsa
979 4145 1180 4200 declamatione
1196 4143 1287 4198 hictus
1305 4147 1335 4199 in

243 4241 282 4294 eis
301 4240 405 4294 citatus
424 4244 473 4294 est.
