<?xml version="1.0" encoding="UTF-8"?>
<!DOCTYPE html PUBLIC "-//W3C//DTD XHTML 1.0 Transitional//EN"
    "http://www.w3.org/TR/xhtml1/DTD/xhtml1-transitional.dtd">
<html xmlns="http://www.w3.org/1999/xhtml" xml:lang="en" lang="en">
 <head>
  <title>
</title>
<meta http-equiv="Content-Type" content="text/html;charset=utf-8" />
  <meta name='ocr-system' content='tesseract 3.04.00' />
  <meta name='ocr-capabilities' content='ocr_page ocr_carea ocr_par ocr_line ocrx_word'/>
</head>
<body>
  <div class='ocr_page' id='page_1' title='image "./demundimiraculi00rohdgoog_0023.png"; bbox 0 0 3010 4904; ppageno 0'>
   <div class='ocr_carea' id='block_1_1' title="bbox 778 377 817 435">
    <p class='ocr_par' dir='ltr' id='par_1_1' title="bbox 778 377 817 435">
     <span class='ocr_line' id='line_1_1' title="bbox 778 377 817 435; baseline 0.026 -1"><span class='ocrx_word' id='word_1_1' title='bbox 778 377 817 435; x_wconf 88' lang='grc'><strong>14</strong></span> 
     </span>
    </p>
   </div>
   <div class='ocr_carea' id='block_1_2' title="bbox 109 562 1446 3934">
    <p class='ocr_par' dir='ltr' id='par_1_2' title="bbox 226 562 1349 2178">
     <span class='ocr_line' id='line_1_2' title="bbox 226 562 1346 650; baseline 0.002 -22"><span class='ocrx_word' id='word_1_2' title='bbox 226 567 284 628; x_wconf 80' lang='lat' dir='ltr'><strong>&#39;ut</strong></span> <span class='ocrx_word' id='word_1_3' title='bbox 306 583 408 647; x_wconf 89' lang='lat' dir='ltr'><strong>spero,</strong></span> <span class='ocrx_word' id='word_1_4' title='bbox 440 563 480 628; x_wconf 90' lang='lat' dir='ltr'><strong>de</strong></span> <span class='ocrx_word' id='word_1_5' title='bbox 502 565 544 644; x_wconf 61' lang='grc' dir='ltr'><strong>ἐξ</strong></span> <span class='ocrx_word' id='word_1_6' title='bbox 563 566 685 626; x_wconf 82' lang='grc'><strong>18-23</strong></span> <span class='ocrx_word' id='word_1_7' title='bbox 707 562 877 630; x_wconf 88' lang='lat' dir='ltr'><strong>iudioabis.</strong></span> <span class='ocrx_word' id='word_1_8' title='bbox 933 563 1014 630; x_wconf 90' lang='lat' dir='ltr'><strong>Inde</strong></span> <span class='ocrx_word' id='word_1_9' title='bbox 1035 566 1077 630; x_wconf 89' lang='lat' dir='ltr'><strong>ab</strong></span> <span class='ocrx_word' id='word_1_10' title='bbox 1099 565 1230 650; x_wconf 84' lang='lat' dir='ltr'><strong>Illyrieo</strong></span> <span class='ocrx_word' id='word_1_11' title='bbox 1258 564 1346 630; x_wconf 85' lang='lat' dir='ltr'><strong>fonte</strong></span> 
     </span>
     <span class='ocr_line' id='line_1_3' title="bbox 247 672 1344 757; baseline 0.001 -19"><span class='ocrx_word' id='word_1_12' title='bbox 247 673 408 756; x_wconf 87' lang='lat' dir='ltr'><strong>usquead</strong></span> <span class='ocrx_word' id='word_1_13' title='bbox 430 675 499 739; x_wconf 90' lang='lat' dir='ltr'><strong>Nili</strong></span> <span class='ocrx_word' id='word_1_14' title='bbox 527 672 668 739; x_wconf 86' lang='lat' dir='ltr'><strong>fluminis</strong></span> <span class='ocrx_word' id='word_1_15' title='bbox 701 674 907 740; x_wconf 73' lang='lat' dir='ltr'><strong>simulacrum</strong></span> <span class='ocrx_word' id='word_1_16' title='bbox 936 692 1156 756; x_wconf 76' lang='lat' dir='ltr'><strong>quaecumque</strong></span> <span class='ocrx_word' id='word_1_17' title='bbox 1177 673 1344 757; x_wconf 87' lang='lat' dir='ltr'><strong>Ampelius</strong></span> 
     </span>
     <span class='ocr_line' id='line_1_4' title="bbox 248 781 1346 874; baseline 0 -26"><span class='ocrx_word' id='word_1_18' title='bbox 248 784 399 866; x_wconf 86' lang='lat' dir='ltr'><strong>narrauit,</strong></span> <span class='ocrx_word' id='word_1_19' title='bbox 422 803 463 848; x_wconf 86' lang='lat' dir='ltr'><strong>ex</strong></span> <span class='ocrx_word' id='word_1_20' title='bbox 485 783 580 849; x_wconf 91' lang='lat' dir='ltr'><strong>unius</strong></span> <span class='ocrx_word' id='word_1_21' title='bbox 602 783 711 848; x_wconf 88' lang='lat' dir='ltr'><strong>omnia</strong></span> <span class='ocrx_word' id='word_1_22' title='bbox 731 783 900 867; x_wconf 79' lang='lat' dir='ltr'><strong>scriptoris</strong></span> <span class='ocrx_word' id='word_1_23' title='bbox 921 781 1346 874; x_wconf 25' lang='lat' dir='ltr'><strong>mirabilium&#39;oonieotloue</strong></span> 
     </span>
     <span class='ocr_line' id='line_1_5' title="bbox 248 871 1345 978; baseline -0.001 -19"><span class='ocrx_word' id='word_1_24' title='bbox 248 893 454 978; x_wconf 80' lang='lat' dir='ltr'><strong>deprompsit,</strong></span> <span class='ocrx_word' id='word_1_25' title='bbox 470 893 589 958; x_wconf 89' lang='lat' dir='ltr'><strong>soiolus</strong></span> <span class='ocrx_word' id='word_1_26' title='bbox 604 899 711 959; x_wconf 85' lang='lat' dir='ltr'><strong>autem</strong></span> <span class='ocrx_word' id='word_1_27' title='bbox 725 892 857 976; x_wconf 88' lang='lat' dir='ltr'><strong>quidam</strong></span> <span class='ocrx_word' id='word_1_28' title='bbox 869 913 941 958; x_wconf 89' lang='lat' dir='ltr'><strong>oum</strong></span> <span class='ocrx_word' id='word_1_29' title='bbox 949 892 1111 960; x_wconf 85' lang='lat' dir='ltr'><strong>Rhodium</strong></span> <span class='ocrx_word' id='word_1_30' title='bbox 1120 893 1206 960; x_wconf 86' lang='lat' dir='ltr'><strong>Solis</strong></span> <span class='ocrx_word' id='word_1_31' title='bbox 1217 871 1345 977; x_wconf 80' lang='lat' dir='ltr'><strong>signum</strong></span> 
     </span>
     <span class='ocr_line' id='line_1_6' title="bbox 248 1002 1346 1087; baseline -0.001 -19"><span class='ocrx_word' id='word_1_32' title='bbox 248 1003 343 1086; x_wconf 89' lang='lat' dir='ltr'><strong>eique</strong></span> <span class='ocrx_word' id='word_1_33' title='bbox 372 1002 555 1087; x_wconf 84' lang='lat' dir='ltr'><strong>proximum</strong></span> <span class='ocrx_word' id='word_1_34' title='bbox 577 1004 665 1069; x_wconf 87' lang='lat' dir='ltr'><strong>Iouis</strong></span> <span class='ocrx_word' id='word_1_35' title='bbox 696 1004 781 1070; x_wconf 87' lang='lat' dir='ltr'><strong>inter</strong></span> <span class='ocrx_word' id='word_1_36' title='bbox 811 1003 923 1069; x_wconf 91' lang='lat' dir='ltr'><strong>mundi</strong></span> <span class='ocrx_word' id='word_1_37' title='bbox 955 1003 1113 1068; x_wconf 85' lang='lat' dir='ltr'><strong>miraoula</strong></span> <span class='ocrx_word' id='word_1_38' title='bbox 1145 1009 1346 1068; x_wconf 89' lang='lat' dir='ltr'><strong>numeratum</strong></span> 
     </span>
     <span class='ocr_line' id='line_1_7' title="bbox 247 1111 1345 1198; baseline 0.001 -22"><span class='ocrx_word' id='word_1_39' title='bbox 247 1111 393 1196; x_wconf 87' lang='lat' dir='ltr'><strong>uidisset,</strong></span> <span class='ocrx_word' id='word_1_40' title='bbox 415 1112 617 1178; x_wconf 87' lang='lat' dir='ltr'><strong>notissimum</strong></span> <span class='ocrx_word' id='word_1_41' title='bbox 644 1133 682 1179; x_wconf 91' lang='lat' dir='ltr'><strong>eo</strong></span> <span class='ocrx_word' id='word_1_42' title='bbox 711 1119 856 1198; x_wconf 89' lang='lat' dir='ltr'><strong>tempore</strong></span> <span class='ocrx_word' id='word_1_43' title='bbox 878 1113 1113 1181; x_wconf 88' lang='lat' dir='ltr'><strong>Varronianum</strong></span> <span class='ocrx_word' id='word_1_44' title='bbox 1142 1119 1266 1197; x_wconf 78' lang='lat' dir='ltr'><strong>septem</strong></span> <span class='ocrx_word' id='word_1_45' title='bbox 1287 1113 1345 1177; x_wconf 93' lang='lat' dir='ltr'><strong>mi-</strong></span> 
     </span>
     <span class='ocr_line' id='line_1_8' title="bbox 247 1221 1346 1308; baseline -0.001 -20"><span class='ocrx_word' id='word_1_46' title='bbox 247 1221 428 1288; x_wconf 79' lang='lat' dir='ltr'><strong>raeulorum</strong></span> <span class='ocrx_word' id='word_1_47' title='bbox 450 1221 604 1306; x_wconf 87' lang='lat' dir='ltr'><strong>ordinem,</strong></span> <span class='ocrx_word' id='word_1_48' title='bbox 627 1223 748 1308; x_wconf 88' lang='lat' dir='ltr'><strong>quippe</strong></span> <span class='ocrx_word' id='word_1_49' title='bbox 781 1223 816 1288; x_wconf 92' lang='lat' dir='ltr'><strong>in</strong></span> <span class='ocrx_word' id='word_1_50' title='bbox 837 1241 901 1304; x_wconf 90' lang='lat' dir='ltr'><strong>quo</strong></span> <span class='ocrx_word' id='word_1_51' title='bbox 937 1223 1103 1290; x_wconf 85' lang='lat' dir='ltr'><strong>simillima</strong></span> <span class='ocrx_word' id='word_1_52' title='bbox 1135 1223 1346 1306; x_wconf 82' lang='lat' dir='ltr'><strong>traderentur,</strong></span> 
     </span>
     <span class='ocr_line' id='line_1_9' title="bbox 247 1329 1346 1417; baseline 0.002 -23"><span class='ocrx_word' id='word_1_53' title='bbox 247 1329 386 1414; x_wconf 84' lang='lat' dir='ltr'><strong>margini</strong></span> <span class='ocrx_word' id='word_1_54' title='bbox 414 1331 597 1415; x_wconf 88' lang='lat' dir='ltr'><strong>adseripsit.</strong></span> <span class='ocrx_word' id='word_1_55' title='bbox 649 1351 712 1414; x_wconf 92' lang='lat' dir='ltr'><strong>quo</strong></span> <span class='ocrx_word' id='word_1_56' title='bbox 745 1331 866 1396; x_wconf 86' lang='lat' dir='ltr'><strong>laetum</strong></span> <span class='ocrx_word' id='word_1_57' title='bbox 895 1339 945 1398; x_wconf 88' lang='lat' dir='ltr'><strong>est</strong></span> <span class='ocrx_word' id='word_1_58' title='bbox 976 1337 1012 1396; x_wconf 89' lang='lat' dir='ltr'><strong>ut</strong></span> <span class='ocrx_word' id='word_1_59' title='bbox 1042 1337 1170 1416; x_wconf 84' lang='lat' dir='ltr'><strong>postero</strong></span> <span class='ocrx_word' id='word_1_60' title='bbox 1202 1338 1346 1417; x_wconf 88' lang='lat' dir='ltr'><strong>tempore</strong></span> 
     </span>
     <span class='ocr_line' id='line_1_10' title="bbox 247 1437 1346 1526; baseline 0 -20"><span class='ocrx_word' id='word_1_61' title='bbox 247 1440 449 1506; x_wconf 78' lang='lat' dir='ltr'><strong>Varroniano</strong></span> <span class='ocrx_word' id='word_1_62' title='bbox 480 1441 638 1506; x_wconf 86' lang='lat' dir='ltr'><strong>miraoula</strong></span> <span class='ocrx_word' id='word_1_63' title='bbox 668 1441 703 1505; x_wconf 96' lang='lat' dir='ltr'><strong>in</strong></span> <span class='ocrx_word' id='word_1_64' title='bbox 735 1437 876 1524; x_wconf 84' lang='lat' dir='ltr'><strong>Ampelii</strong></span> <span class='ocrx_word' id='word_1_65' title='bbox 911 1449 1033 1506; x_wconf 80' lang='lat' dir='ltr'><strong>textum</strong></span> <span class='ocrx_word' id='word_1_66' title='bbox 1073 1441 1266 1526; x_wconf 86' lang='lat' dir='ltr'><strong>irreperent,</strong></span> <span class='ocrx_word' id='word_1_67' title='bbox 1298 1442 1346 1506; x_wconf 86' lang='lat' dir='ltr'><strong>ita</strong></span> 
     </span>
     <span class='ocr_line' id='line_1_11' title="bbox 247 1548 1344 1633; baseline 0 -19"><span class='ocrx_word' id='word_1_68' title='bbox 247 1554 354 1614; x_wconf 87' lang='lat' dir='ltr'><strong>tamen</strong></span> <span class='ocrx_word' id='word_1_69' title='bbox 376 1558 410 1614; x_wconf 90' lang='lat' dir='ltr'><strong>ut</strong></span> <span class='ocrx_word' id='word_1_70' title='bbox 432 1549 450 1631; x_wconf 63' lang='grc' dir='ltr'><strong>ἓ</strong></span> <span class='ocrx_word' id='word_1_71' title='bbox 476 1553 516 1614; x_wconf 80' lang='lat'><strong>20</strong></span> <span class='ocrx_word' id='word_1_72' title='bbox 539 1555 571 1614; x_wconf 85' lang='lat' dir='ltr'><strong>et</strong></span> <span class='ocrx_word' id='word_1_73' title='bbox 595 1551 631 1610; x_wconf 87' lang='lat'><strong>21</strong></span> <span class='ocrx_word' id='word_1_74' title='bbox 668 1549 714 1628; x_wconf 90' lang='lat' dir='ltr'><strong>(et</strong></span> <span class='ocrx_word' id='word_1_75' title='bbox 736 1549 754 1632; x_wconf 59' lang='grc' dir='ltr'>ᾗ</span> <span class='ocrx_word' id='word_1_76' title='bbox 772 1549 823 1629; x_wconf 89' lang='grc'><strong>18)</strong></span> <span class='ocrx_word' id='word_1_77' title='bbox 850 1548 954 1632; x_wconf 89' lang='lat' dir='ltr'><strong>ipsius</strong></span> <span class='ocrx_word' id='word_1_78' title='bbox 976 1549 1118 1633; x_wconf 91' lang='lat' dir='ltr'><strong>Ampelii</strong></span> <span class='ocrx_word' id='word_1_79' title='bbox 1150 1549 1250 1615; x_wconf 90' lang='lat' dir='ltr'><strong>uerba</strong></span> <span class='ocrx_word' id='word_1_80' title='bbox 1272 1571 1344 1616; x_wconf 90' lang='lat' dir='ltr'><strong>eum</strong></span> 
     </span>
     <span class='ocr_line' id='line_1_12' title="bbox 247 1657 1347 1741; baseline 0 -17"><span class='ocrx_word' id='word_1_81' title='bbox 247 1659 356 1724; x_wconf 89' lang='lat' dir='ltr'><strong>uerbis</strong></span> <span class='ocrx_word' id='word_1_82' title='bbox 379 1677 397 1722; x_wconf 87' lang='lat' dir='ltr'><strong>e</strong></span> <span class='ocrx_word' id='word_1_83' title='bbox 418 1657 564 1740; x_wconf 78' lang='lat' dir='ltr'><strong>margine</strong></span> <span class='ocrx_word' id='word_1_84' title='bbox 585 1657 697 1722; x_wconf 89' lang='lat' dir='ltr'><strong>inlatis</strong></span> <span class='ocrx_word' id='word_1_85' title='bbox 718 1658 835 1723; x_wconf 81' lang='lat' dir='ltr'><strong>misere</strong></span> <span class='ocrx_word' id='word_1_86' title='bbox 847 1657 1126 1724; x_wconf 85' lang='lat' dir='ltr'><strong>eonfunderentur.</strong></span> <span class='ocrx_word' id='word_1_87' title='bbox 1147 1659 1347 1741; x_wconf 79' lang='lat' dir='ltr'><strong>sistentem,</strong></span> 
     </span>
     <span class='ocr_line' id='line_1_13' title="bbox 248 1766 1349 1851; baseline 0 -18"><span class='ocrx_word' id='word_1_88' title='bbox 248 1787 312 1850; x_wconf 88' lang='lat' dir='ltr'><strong>qna</strong></span> <span class='ocrx_word' id='word_1_89' title='bbox 331 1767 372 1832; x_wconf 91' lang='lat' dir='ltr'><strong>de</strong></span> <span class='ocrx_word' id='word_1_90' title='bbox 395 1785 494 1832; x_wconf 88' lang='lat' dir='ltr'><strong>eausa</strong></span> <span class='ocrx_word' id='word_1_91' title='bbox 515 1766 641 1831; x_wconf 88' lang='lat' dir='ltr'><strong>Dianae</strong></span> <span class='ocrx_word' id='word_1_92' title='bbox 655 1766 818 1850; x_wconf 82' lang='lat' dir='ltr'><strong>Ephesiae</strong></span> <span class='ocrx_word' id='word_1_93' title='bbox 833 1767 988 1851; x_wconf 90' lang='lat' dir='ltr'><strong>templum</strong></span> <span class='ocrx_word' id='word_1_94' title='bbox 1000 1767 1052 1832; x_wconf 89' lang='lat' dir='ltr'><strong>bis</strong></span> <span class='ocrx_word' id='word_1_95' title='bbox 1067 1775 1349 1834; x_wconf 88' lang='lat' dir='ltr'><strong>oommemoratum</strong></span> 
     </span>
     <span class='ocr_line' id='line_1_14' title="bbox 248 1874 1347 1962; baseline 0.002 -21"><span class='ocrx_word' id='word_1_96' title='bbox 248 1877 298 1958; x_wconf 87' lang='lat' dir='ltr'><strong>sit,</strong></span> <span class='ocrx_word' id='word_1_97' title='bbox 321 1895 377 1941; x_wconf 88' lang='lat' dir='ltr'><strong>eur</strong></span> <span class='ocrx_word' id='word_1_98' title='bbox 398 1875 496 1941; x_wconf 84' lang='lat' dir='ltr'><strong>totius</strong></span> <span class='ocrx_word' id='word_1_99' title='bbox 519 1874 637 1959; x_wconf 87' lang='lat' dir='ltr'><strong>eapitis</strong></span> <span class='ocrx_word' id='word_1_100' title='bbox 665 1874 746 1940; x_wconf 86' lang='lat' dir='ltr'><strong>haee</strong></span> <span class='ocrx_word' id='word_1_101' title='bbox 774 1877 935 1960; x_wconf 86' lang='lat' dir='ltr'><strong>partioula</strong></span> <span class='ocrx_word' id='word_1_102' title='bbox 955 1876 1096 1960; x_wconf 87' lang='lat' dir='ltr'><strong>pessime</strong></span> <span class='ocrx_word' id='word_1_103' title='bbox 1129 1884 1279 1962; x_wconf 89' lang='lat' dir='ltr'><strong>eorrupta</strong></span> <span class='ocrx_word' id='word_1_104' title='bbox 1299 1878 1347 1944; x_wconf 89' lang='lat' dir='ltr'><strong>in-</strong></span> 
     </span>
     <span class='ocr_line' id='line_1_15' title="bbox 248 1985 1349 2072; baseline 0.005 -23"><span class='ocrx_word' id='word_1_105' title='bbox 248 1985 344 2068; x_wconf 86' lang='lat' dir='ltr'><strong>eptiis</strong></span> <span class='ocrx_word' id='word_1_106' title='bbox 377 1990 409 2050; x_wconf 88' lang='lat' dir='ltr'><strong>et</strong></span> <span class='ocrx_word' id='word_1_107' title='bbox 440 1985 565 2050; x_wconf 86' lang='lat' dir='ltr'><strong>laounis</strong></span> <span class='ocrx_word' id='word_1_108' title='bbox 602 1991 725 2051; x_wconf 88' lang='lat' dir='ltr'><strong>seateat</strong></span> <span class='ocrx_word' id='word_1_109' title='bbox 738 1987 771 2069; x_wconf 82' lang='lat'><strong>¹⁹,</strong></span> <span class='ocrx_word' id='word_1_110' title='bbox 813 1985 1027 2070; x_wconf 86' lang='lat' dir='ltr'><strong>probabiliter</strong></span> <span class='ocrx_word' id='word_1_111' title='bbox 1057 2005 1153 2070; x_wconf 88' lang='lat' dir='ltr'><strong>posse</strong></span> <span class='ocrx_word' id='word_1_112' title='bbox 1190 1988 1349 2072; x_wconf 83' lang='lat' dir='ltr'><strong>explioari</strong></span> 
     </span>
     <span class='ocr_line' id='line_1_16' title="bbox 248 2094 499 2178; baseline -0.004 -19"><span class='ocrx_word' id='word_1_113' title='bbox 248 2094 371 2178; x_wconf 90' lang='lat' dir='ltr'><strong>opinor.</strong></span> <span class='ocrx_word' id='word_1_114' title='bbox 496 2161 499 2168; x_wconf 71' lang='grc'><em>,</em></span> 
     </span>
    </p>

    <p class='ocr_par' dir='ltr' id='par_1_3' title="bbox 112 2201 1345 2290">
     <span class='ocr_line' id='line_1_17' title="bbox 112 2201 1345 2290; baseline 0.001 -21"><span class='ocrx_word' id='word_1_115' title='bbox 112 2221 140 2260; x_wconf 73' lang='lat' dir='ltr'><strong>de</strong></span> <span class='ocrx_word' id='word_1_116' title='bbox 156 2219 217 2260; x_wconf 72' lang='lat' dir='ltr'><strong>10=r1</strong></span> <span class='ocrx_word' id='word_1_117' title='bbox 348 2201 413 2269; x_wconf 86' lang='lat' dir='ltr'><strong>Sed</strong></span> <span class='ocrx_word' id='word_1_118' title='bbox 424 2209 459 2269; x_wconf 86' lang='lat' dir='ltr'><strong>ut</strong></span> <span class='ocrx_word' id='word_1_119' title='bbox 470 2203 784 2286; x_wconf 86' lang='lat' dir='ltr'><strong>tandsmaliquando</strong></span> <span class='ocrx_word' id='word_1_120' title='bbox 796 2204 880 2271; x_wconf 90' lang='lat' dir='ltr'><strong>hane</strong></span> <span class='ocrx_word' id='word_1_121' title='bbox 891 2203 932 2270; x_wconf 91' lang='lat' dir='ltr'><strong>de</strong></span> <span class='ocrx_word' id='word_1_122' title='bbox 949 2205 1000 2270; x_wconf 92' lang='lat' dir='ltr'><strong>his</strong></span> <span class='ocrx_word' id='word_1_123' title='bbox 1018 2205 1232 2290; x_wconf 80' lang='lat' dir='ltr'><strong>paragraphis</strong></span> <span class='ocrx_word' id='word_1_124' title='bbox 1249 2225 1345 2289; x_wconf 87' lang='lat' dir='ltr'><strong>quae-</strong></span> 
     </span>
    </p>

    <p class='ocr_par' dir='ltr' id='par_1_4' title="bbox 109 2271 1446 3934">
     <span class='ocr_line' id='line_1_18' title="bbox 109 2271 1348 2397; baseline 0.005 -25"><span class='ocrx_word' id='word_1_125' title='bbox 109 2271 219 2373; x_wconf 57' lang='grc' dir='ltr'><strong>’ἳῖῗιθῗο</strong></span> <span class='ocrx_word' id='word_1_126' title='bbox 246 2315 383 2379; x_wconf 87' lang='lat' dir='ltr'><strong>stionem</strong></span> <span class='ocrx_word' id='word_1_127' title='bbox 395 2313 569 2393; x_wconf 87' lang='lat' dir='ltr'><strong>absoluam,</strong></span> <span class='ocrx_word' id='word_1_128' title='bbox 581 2312 750 2378; x_wconf 88' lang='lat' dir='ltr'><strong>uideamus</strong></span> <span class='ocrx_word' id='word_1_129' title='bbox 759 2333 844 2378; x_wconf 89' lang='lat' dir='ltr'><strong>nune</strong></span> <span class='ocrx_word' id='word_1_130' title='bbox 852 2313 1024 2397; x_wconf 56' lang='lat' dir='ltr'><strong>demde</strong></span> <span class='ocrx_word' id='word_1_131' title='bbox 1035 2333 1100 2396; x_wconf 89' lang='lat' dir='ltr'><strong>qua</strong></span> <span class='ocrx_word' id='word_1_132' title='bbox 1110 2314 1348 2397; x_wconf 84' lang='lat' dir='ltr'><strong>quidsentirem</strong></span> 
     </span>
     <span class='ocr_line' id='line_1_19' title="bbox 248 2421 1348 2507; baseline 0 -19"><span class='ocrx_word' id='word_1_133' title='bbox 248 2423 374 2507; x_wconf 85' lang='lat' dir='ltr'><strong>aperire</strong></span> <span class='ocrx_word' id='word_1_134' title='bbox 389 2421 510 2488; x_wconf 89' lang='lat' dir='ltr'><strong>distuli.</strong></span> <span class='ocrx_word' id='word_1_135' title='bbox 532 2428 606 2486; x_wconf 86' lang='lat' dir='ltr'><strong>sunt</strong></span> <span class='ocrx_word' id='word_1_136' title='bbox 617 2427 725 2486; x_wconf 88' lang='lat' dir='ltr'><strong>autem</strong></span> <span class='ocrx_word' id='word_1_137' title='bbox 735 2422 784 2487; x_wconf 93' lang='lat' dir='ltr'><strong>ibi</strong></span> <span class='ocrx_word' id='word_1_138' title='bbox 797 2441 924 2505; x_wconf 86' lang='lat' dir='ltr'><strong>quoque</strong></span> <span class='ocrx_word' id='word_1_139' title='bbox 931 2421 1072 2506; x_wconf 89' lang='lat' dir='ltr'><strong>Ampelii</strong></span> <span class='ocrx_word' id='word_1_140' title='bbox 1083 2423 1192 2489; x_wconf 88' lang='lat' dir='ltr'><strong>uerbis</strong></span> <span class='ocrx_word' id='word_1_141' title='bbox 1203 2422 1348 2489; x_wconf 84' lang='lat' dir='ltr'><strong>admixta</strong></span> 
     </span>
     <span class='ocr_line' id='line_1_20' title="bbox 248 2530 1343 2616; baseline 0.001 -19"><span class='ocrx_word' id='word_1_142' title='bbox 248 2533 363 2598; x_wconf 87' lang='lat' dir='ltr'><strong>aliena.</strong></span> <span class='ocrx_word' id='word_1_143' title='bbox 406 2531 485 2614; x_wconf 91' lang='lat' dir='ltr'><strong>qnid</strong></span> <span class='ocrx_word' id='word_1_144' title='bbox 506 2533 592 2598; x_wconf 90' lang='lat' dir='ltr'><strong>enim</strong></span> <span class='ocrx_word' id='word_1_145' title='bbox 614 2533 796 2616; x_wconf 88' lang='lat' dir='ltr'><strong>sepulerum</strong></span> <span class='ocrx_word' id='word_1_146' title='bbox 818 2532 904 2598; x_wconf 88' lang='lat' dir='ltr'><strong>Ieari</strong></span> <span class='ocrx_word' id='word_1_147' title='bbox 923 2533 1088 2598; x_wconf 84' lang='lat' dir='ltr'><strong>stertentis</strong></span> <span class='ocrx_word' id='word_1_148' title='bbox 1109 2533 1153 2598; x_wconf 87' lang='lat' dir='ltr'><strong>sit</strong></span> <span class='ocrx_word' id='word_1_149' title='bbox 1173 2530 1343 2599; x_wconf 90' lang='lat' dir='ltr'><strong>nemodum</strong></span> 
     </span>
     <span class='ocr_line' id='line_1_21' title="bbox 250 2639 1346 2728; baseline -0.002 -19"><span class='ocrx_word' id='word_1_150' title='bbox 250 2643 434 2728; x_wconf 86' lang='lat' dir='ltr'><strong>explioauit.</strong></span> <span class='ocrx_word' id='word_1_151' title='bbox 470 2661 552 2724; x_wconf 89' lang='lat' dir='ltr'><strong>qnae</strong></span> <span class='ocrx_word' id='word_1_152' title='bbox 575 2661 647 2706; x_wconf 88' lang='lat' dir='ltr'><strong>oum</strong></span> <span class='ocrx_word' id='word_1_153' title='bbox 668 2647 819 2724; x_wconf 88' lang='lat' dir='ltr'><strong>eorrupta</strong></span> <span class='ocrx_word' id='word_1_154' title='bbox 838 2660 909 2706; x_wconf 90' lang='lat' dir='ltr'><strong>esse</strong></span> <span class='ocrx_word' id='word_1_155' title='bbox 930 2646 1050 2724; x_wconf 79' lang='lat' dir='ltr'><strong>pateat,</strong></span> <span class='ocrx_word' id='word_1_156' title='bbox 1075 2641 1213 2706; x_wconf 84' lang='lat' dir='ltr'><strong>libenter</strong></span> <span class='ocrx_word' id='word_1_157' title='bbox 1229 2639 1346 2708; x_wconf 88' lang='lat' dir='ltr'><strong>Zinkio</strong></span> 
     </span>
     <span class='ocr_line' id='line_1_22' title="bbox 249 2741 1446 2836; baseline -0.003 -16"><span class='ocrx_word' id='word_1_158' title='bbox 249 2752 455 2820; x_wconf 78' lang='lat' dir='ltr'><strong>scribendum</strong></span> <span class='ocrx_word' id='word_1_159' title='bbox 486 2771 557 2818; x_wconf 91' lang='lat' dir='ltr'><strong>esse</strong></span> <span class='ocrx_word' id='word_1_160' title='bbox 593 2751 816 2829; x_wconf 78' lang='lat' dir='ltr'><strong>„simulacrum</strong></span> <span class='ocrx_word' id='word_1_161' title='bbox 846 2750 967 2836; x_wconf 85' lang='lat' dir='ltr'><strong>satyri“</strong></span> <span class='ocrx_word' id='word_1_162' title='bbox 1002 2749 1223 2834; x_wconf 73' lang='lat' dir='ltr'><strong>oonoedemus</strong></span> <span class='ocrx_word' id='word_1_163' title='bbox 1257 2750 1345 2816; x_wconf 92' lang='lat' dir='ltr'><strong>dum·</strong></span> <span class='ocrx_word' id='word_1_164' title='bbox 1443 2741 1446 2750; x_wconf 47' lang='lat'><strong>⁴</strong></span> 
     </span>
     <span class='ocr_line' id='line_1_23' title="bbox 248 2855 1345 2946; baseline -0.004 -16"><span class='ocrx_word' id='word_1_165' title='bbox 248 2863 345 2930; x_wconf 93' lang='lat' dir='ltr'><strong>modo</strong></span> <span class='ocrx_word' id='word_1_166' title='bbox 367 2867 507 2946; x_wconf 83' lang='lat' dir='ltr'><strong>exponat</strong></span> <span class='ocrx_word' id='word_1_167' title='bbox 529 2860 798 2945; x_wconf 87' lang='lat' dir='ltr'><strong>quemadmodum</strong></span> <span class='ocrx_word' id='word_1_168' title='bbox 819 2855 904 2926; x_wconf 87' lang='lat' dir='ltr'><strong>Ioari</strong></span> <span class='ocrx_word' id='word_1_169' title='bbox 925 2880 1042 2926; x_wconf 89' lang='lat' dir='ltr'><strong>nomen</strong></span> <span class='ocrx_word' id='word_1_170' title='bbox 1061 2859 1095 2925; x_wconf 88' lang='lat' dir='ltr'><strong>iu</strong></span> <span class='ocrx_word' id='word_1_171' title='bbox 1130 2861 1267 2944; x_wconf 83' lang='lat' dir='ltr'><strong>„satyri“</strong></span> <span class='ocrx_word' id='word_1_172' title='bbox 1299 2861 1345 2926; x_wconf 93' lang='lat' dir='ltr'><strong>lo·</strong></span> 
     </span>
     <span class='ocr_line' id='line_1_24' title="bbox 255 2969 1351 3054; baseline -0.005 -14"><span class='ocrx_word' id='word_1_173' title='bbox 255 2994 328 3041; x_wconf 90' lang='lat' dir='ltr'><strong>eum</strong></span> <span class='ocrx_word' id='word_1_174' title='bbox 350 2971 503 3039; x_wconf 81' lang='lat' dir='ltr'><strong>substitui</strong></span> <span class='ocrx_word' id='word_1_175' title='bbox 525 2991 546 3036; x_wconf 86' lang='lat' dir='ltr'><strong>a</strong></span> <span class='ocrx_word' id='word_1_176' title='bbox 567 2970 682 3036; x_wconf 77' lang='lat' dir='ltr'><strong>scribis</strong></span> <span class='ocrx_word' id='word_1_177' title='bbox 703 2970 851 3054; x_wconf 85' lang='lat' dir='ltr'><strong>potuerit.</strong></span> <span class='ocrx_word' id='word_1_178' title='bbox 892 2972 1072 3054; x_wconf 75' lang='lat' dir='ltr'><strong>corruptela</strong></span> <span class='ocrx_word' id='word_1_179' title='bbox 1090 2976 1199 3034; x_wconf 89' lang='lat' dir='ltr'><strong>autem</strong></span> <span class='ocrx_word' id='word_1_180' title='bbox 1219 2989 1283 3035; x_wconf 91' lang='lat' dir='ltr'><strong>non</strong></span> <span class='ocrx_word' id='word_1_181' title='bbox 1304 2969 1351 3034; x_wconf 89' lang='lat' dir='ltr'><strong>ita</strong></span> 
     </span>
     <span class='ocr_line' id='line_1_25' title="bbox 251 3079 1349 3165; baseline -0.005 -16"><span class='ocrx_word' id='word_1_182' title='bbox 251 3083 418 3149; x_wconf 78' lang='lat' dir='ltr'><strong>difficilem</strong></span> <span class='ocrx_word' id='word_1_183' title='bbox 439 3081 547 3163; x_wconf 88' lang='lat' dir='ltr'><strong>habet,</strong></span> <span class='ocrx_word' id='word_1_184' title='bbox 575 3080 605 3146; x_wconf 90' lang='lat' dir='ltr'><strong>si</strong></span> <span class='ocrx_word' id='word_1_185' title='bbox 634 3100 685 3145; x_wconf 91' lang='lat' dir='ltr'><strong>me</strong></span> <span class='ocrx_word' id='word_1_186' title='bbox 716 3079 820 3164; x_wconf 89' lang='lat' dir='ltr'><strong>audis,</strong></span> <span class='ocrx_word' id='word_1_187' title='bbox 852 3081 1057 3165; x_wconf 84' lang='lat' dir='ltr'><strong>explieatum.</strong></span> <span class='ocrx_word' id='word_1_188' title='bbox 1112 3079 1231 3144; x_wconf 87' lang='lat' dir='ltr'><strong>etenim</strong></span> <span class='ocrx_word' id='word_1_189' title='bbox 1263 3079 1349 3161; x_wconf 93' lang='lat' dir='ltr'><strong>quod</strong></span> 
     </span>
     <span class='ocr_line' id='line_1_26' title="bbox 250 3188 1344 3258; baseline -0.005 0"><span class='ocrx_word' id='word_1_190' title='bbox 250 3191 391 3258; x_wconf 85' lang='lat' dir='ltr'><strong>seeundo</strong></span> <span class='ocrx_word' id='word_1_191' title='bbox 413 3190 539 3256; x_wconf 89' lang='lat' dir='ltr'><strong>ordinis</strong></span> <span class='ocrx_word' id='word_1_192' title='bbox 550 3189 745 3258; x_wconf 85' lang='lat' dir='ltr'><strong>Varroniani</strong></span> <span class='ocrx_word' id='word_1_193' title='bbox 761 3190 833 3256; x_wconf 89' lang='lat' dir='ltr'><strong>loeo</strong></span> <span class='ocrx_word' id='word_1_194' title='bbox 856 3189 1064 3256; x_wconf 77' lang='lat' dir='ltr'><strong>constitutum</strong></span> <span class='ocrx_word' id='word_1_195' title='bbox 1085 3194 1134 3254; x_wconf 90' lang='lat' dir='ltr'><strong>est</strong></span> <span class='ocrx_word' id='word_1_196' title='bbox 1155 3188 1344 3253; x_wconf 90' lang='lat' dir='ltr'><strong>miraeulum</strong></span> 
     </span>
     <span class='ocr_line' id='line_1_27' title="bbox 249 3298 1349 3383; baseline -0.005 -15"><span class='ocrx_word' id='word_1_197' title='bbox 249 3299 387 3368; x_wconf 85' lang='lat' dir='ltr'><strong>Mausoli</strong></span> <span class='ocrx_word' id='word_1_198' title='bbox 409 3299 496 3383; x_wconf 87' lang='lat' dir='ltr'><strong>regis</strong></span> <span class='ocrx_word' id='word_1_199' title='bbox 516 3298 699 3382; x_wconf 87' lang='lat' dir='ltr'><strong>sepulerum</strong></span> <span class='ocrx_word' id='word_1_200' title='bbox 731 3298 935 3364; x_wconf 74' lang='lat' dir='ltr'><strong>intercidisse</strong></span> <span class='ocrx_word' id='word_1_201' title='bbox 969 3299 986 3380; x_wconf 61' lang='grc' dir='ltr'>ᾗ</span> <span class='ocrx_word' id='word_1_202' title='bbox 1014 3298 1061 3380; x_wconf 88' lang='lat'><strong>18,</strong></span> <span class='ocrx_word' id='word_1_203' title='bbox 1094 3298 1211 3362; x_wconf 82' lang='lat' dir='ltr'><strong>leoena</strong></span> <span class='ocrx_word' id='word_1_204' title='bbox 1240 3302 1349 3362; x_wconf 89' lang='lat' dir='ltr'><strong>autem</strong></span> 
     </span>
     <span class='ocr_line' id='line_1_28' title="bbox 251 3406 1346 3492; baseline -0.005 -14"><span class='ocrx_word' id='word_1_205' title='bbox 251 3412 336 3478; x_wconf 90' lang='lat' dir='ltr'><strong>loari</strong></span> <span class='ocrx_word' id='word_1_206' title='bbox 358 3409 498 3492; x_wconf 89' lang='lat' dir='ltr'><strong>sepulori</strong></span> <span class='ocrx_word' id='word_1_207' title='bbox 515 3408 677 3474; x_wconf 91' lang='lat' dir='ltr'><strong>mentione</strong></span> <span class='ocrx_word' id='word_1_208' title='bbox 700 3408 829 3492; x_wconf 86' lang='lat' dir='ltr'><strong>explete</strong></span> <span class='ocrx_word' id='word_1_209' title='bbox 852 3427 922 3474; x_wconf 89' lang='lat' dir='ltr'><strong>esse</strong></span> <span class='ocrx_word' id='word_1_210' title='bbox 944 3407 1082 3473; x_wconf 85' lang='lat' dir='ltr'><strong>uidetur.</strong></span> <span class='ocrx_word' id='word_1_211' title='bbox 1117 3407 1176 3473; x_wconf 90' lang='lat' dir='ltr'><strong>sed</strong></span> <span class='ocrx_word' id='word_1_212' title='bbox 1197 3407 1253 3472; x_wconf 92' lang='lat' dir='ltr'><strong>ubi</strong></span> <span class='ocrx_word' id='word_1_213' title='bbox 1269 3406 1346 3472; x_wconf 90' lang='lat' dir='ltr'><strong>Vibi</strong></span> 
     </span>
     <span class='ocr_line' id='line_1_29' title="bbox 251 3514 1348 3603; baseline -0.007 -16"><span class='ocrx_word' id='word_1_214' title='bbox 251 3521 326 3603; x_wconf 84' lang='lat' dir='ltr'><strong>Seq.</strong></span> <span class='ocrx_word' id='word_1_215' title='bbox 341 3517 532 3603; x_wconf 85' lang='lat' dir='ltr'><strong>appendiois</strong></span> <span class='ocrx_word' id='word_1_216' title='bbox 546 3517 647 3582; x_wconf 89' lang='lat' dir='ltr'><strong>uerba</strong></span> <span class='ocrx_word' id='word_1_217' title='bbox 670 3517 843 3583; x_wconf 76' lang='lat' dir='ltr'><strong>contuleris</strong></span> <span class='ocrx_word' id='word_1_218' title='bbox 867 3517 1084 3596; x_wconf 82' lang='lat' dir='ltr'><strong>„mausoleum</strong></span> <span class='ocrx_word' id='word_1_219' title='bbox 1104 3517 1144 3582; x_wconf 91' lang='lat' dir='ltr'><strong>in</strong></span> <span class='ocrx_word' id='word_1_220' title='bbox 1166 3514 1284 3581; x_wconf 77' lang='lat' dir='ltr'><strong>Caria</strong></span> <span class='ocrx_word' id='word_1_221' title='bbox 1298 3551 1348 3579; x_wconf 80' lang='lat'><strong>-.</strong></span> 
     </span>
     <span class='ocr_line' id='line_1_30' title="bbox 250 3624 1348 3726; baseline -0.006 -29"><span class='ocrx_word' id='word_1_222' title='bbox 250 3630 309 3698; x_wconf 92' lang='lat' dir='ltr'><strong>ibi</strong></span> <span class='ocrx_word' id='word_1_223' title='bbox 331 3635 391 3694; x_wconf 84' lang='lat' dir='ltr'><strong>est</strong></span> <span class='ocrx_word' id='word_1_224' title='bbox 413 3627 634 3711; x_wconf 88' lang='lat' dir='ltr'><strong>sepulerum</strong></span> <span class='ocrx_word' id='word_1_225' title='bbox 658 3626 775 3710; x_wconf 81' lang='lat' dir='ltr'><strong>regis“,</strong></span> <span class='ocrx_word' id='word_1_226' title='bbox 796 3646 879 3710; x_wconf 88' lang='lat' dir='ltr'><strong>quae</strong></span> <span class='ocrx_word' id='word_1_227' title='bbox 901 3627 955 3693; x_wconf 86' lang='lat' dir='ltr'><strong>uel</strong></span> <span class='ocrx_word' id='word_1_228' title='bbox 973 3626 1087 3692; x_wconf 90' lang='lat' dir='ltr'><strong>eadem</strong></span> <span class='ocrx_word' id='word_1_229' title='bbox 1100 3626 1156 3726; x_wconf 83' lang='lat' dir='ltr'><strong>uel</strong></span> <span class='ocrx_word' id='word_1_230' title='bbox 1169 3624 1348 3709; x_wconf 89' lang='lat' dir='ltr'><strong>paullulum</strong></span> 
     </span>
     <span class='ocr_line' id='line_1_31' title="bbox 251 3727 1347 3822; baseline -0.005 -18"><span class='ocrx_word' id='word_1_231' title='bbox 251 3738 378 3804; x_wconf 88' lang='lat' dir='ltr'><strong>uariata</strong></span> <span class='ocrx_word' id='word_1_232' title='bbox 390 3735 491 3812; x_wconf 83' lang='lat' dir='ltr'><strong>(uelut</strong></span> <span class='ocrx_word' id='word_1_233' title='bbox 500 3737 605 3820; x_wconf 85' lang='lat' dir='ltr'><strong>„regis</strong></span> <span class='ocrx_word' id='word_1_234' title='bbox 617 3737 800 3822; x_wconf 85' lang='lat' dir='ltr'><strong>sepulerum</strong></span> <span class='ocrx_word' id='word_1_235' title='bbox 813 3737 852 3802; x_wconf 92' lang='lat' dir='ltr'><strong>in</strong></span> <span class='ocrx_word' id='word_1_236' title='bbox 865 3729 1022 3820; x_wconf 71' lang='lat' dir='ltr'><strong>Cariati</strong></span> <span class='ocrx_word' id='word_1_237' title='bbox 1039 3732 1077 3798; x_wconf 79' lang='grc' dir='ltr'><strong>ἐν</strong></span> <span class='ocrx_word' id='word_1_238' title='bbox 1088 3731 1218 3820; x_wconf 77' lang='grc' dir='ltr'><strong><em>Καρίᾳ</em></strong></span> <span class='ocrx_word' id='word_1_239' title='bbox 1232 3727 1347 3820; x_wconf 78' lang='grc' dir='ltr'><strong><em>τάφος,</em></strong></span> 
     </span>
     <span class='ocr_line' id='line_1_32' title="bbox 252 3838 1345 3934; baseline -0.005 -21"><span class='ocrx_word' id='word_1_240' title='bbox 252 3841 271 3913; x_wconf 87' lang='grc' dir='ltr'>ὁ</span> <span class='ocrx_word' id='word_1_241' title='bbox 297 3839 441 3930; x_wconf 80' lang='grc' dir='ltr'><strong><em>Καρικός</em></strong></span> <span class='ocrx_word' id='word_1_242' title='bbox 461 3838 570 3934; x_wconf 79' lang='grc' dir='ltr'><strong><em>τάφος</em></strong></span> <span class='ocrx_word' id='word_1_243' title='bbox 591 3845 675 3928; x_wconf 87' lang='lat' dir='ltr'><strong>sim.)</strong></span> <span class='ocrx_word' id='word_1_244' title='bbox 698 3845 887 3932; x_wconf 88' lang='lat' dir='ltr'><strong>saepissime</strong></span> <span class='ocrx_word' id='word_1_245' title='bbox 909 3845 944 3912; x_wconf 96' lang='lat' dir='ltr'><strong>in</strong></span> <span class='ocrx_word' id='word_1_246' title='bbox 974 3842 1132 3911; x_wconf 88' lang='lat' dir='ltr'><strong>eiusmodi</strong></span> <span class='ocrx_word' id='word_1_247' title='bbox 1156 3849 1345 3910; x_wconf 79' lang='lat' dir='ltr'><strong>commenta·</strong></span> 
     </span>
    </p>
   </div>
   <div class='ocr_carea' id='block_1_3' title="bbox 255 3981 1351 4356">
    <p class='ocr_par' dir='ltr' id='par_1_5' title="bbox 255 3981 1351 4356">
     <span class='ocr_line' id='line_1_33' title="bbox 356 3981 1349 4074; baseline -0.004 -16"><span class='ocrx_word' id='word_1_248' title='bbox 356 4006 389 4058; x_wconf 82' lang='lat'><strong>19</strong></span> <span class='ocrx_word' id='word_1_249' title='bbox 420 4003 540 4060; x_wconf 77' lang='lat' dir='ltr'><strong>»Domus</strong></span> <span class='ocrx_word' id='word_1_250' title='bbox 557 4003 636 4058; x_wconf 90' lang='lat' dir='ltr'><strong>illio</strong></span> <span class='ocrx_word' id='word_1_251' title='bbox 656 3981 736 4073; x_wconf 73' lang='lat' dir='ltr'><strong>Cyri«</strong></span> <span class='ocrx_word' id='word_1_252' title='bbox 766 4006 792 4074; x_wconf 61' lang='grc' dir='ltr'><strong>(ξ</strong></span> <span class='ocrx_word' id='word_1_253' title='bbox 811 4003 856 4071; x_wconf 82' lang='lat'><strong>21)</strong></span> <span class='ocrx_word' id='word_1_254' title='bbox 883 4003 959 4072; x_wconf 89' lang='lat' dir='ltr'><strong>quod</strong></span> <span class='ocrx_word' id='word_1_255' title='bbox 987 4019 1083 4058; x_wconf 85' lang='lat' dir='ltr'><strong>omues</strong></span> <span class='ocrx_word' id='word_1_256' title='bbox 1111 4000 1235 4057; x_wconf 79' lang='lat' dir='ltr'><strong>editores</strong></span> <span class='ocrx_word' id='word_1_257' title='bbox 1261 4001 1349 4054; x_wconf 88' lang='lat' dir='ltr'><strong>inter·</strong></span> 
     </span>
     <span class='ocr_line' id='line_1_34' title="bbox 255 4098 1351 4175; baseline -0.006 -17"><span class='ocrx_word' id='word_1_258' title='bbox 255 4105 406 4175; x_wconf 86' lang='lat' dir='ltr'><strong>pretesque</strong></span> <span class='ocrx_word' id='word_1_259' title='bbox 422 4117 593 4173; x_wconf 73' lang='lat' dir='ltr'><strong>magnopere</strong></span> <span class='ocrx_word' id='word_1_260' title='bbox 620 4101 749 4172; x_wconf 78' lang='lat' dir='ltr'><strong>pupugit,</strong></span> <span class='ocrx_word' id='word_1_261' title='bbox 767 4102 804 4157; x_wconf 89' lang='lat' dir='ltr'><strong>ab</strong></span> <span class='ocrx_word' id='word_1_262' title='bbox 822 4099 951 4171; x_wconf 77' lang='lat' dir='ltr'><strong>Ampelio</strong></span> <span class='ocrx_word' id='word_1_263' title='bbox 968 4117 1024 4154; x_wconf 91' lang='lat' dir='ltr'><strong>non</strong></span> <span class='ocrx_word' id='word_1_264' title='bbox 1049 4099 1188 4169; x_wconf 80' lang='lat' dir='ltr'><strong>seriptum</strong></span> <span class='ocrx_word' id='word_1_265' title='bbox 1215 4113 1275 4152; x_wconf 81' lang='lat' dir='ltr'><strong>esse</strong></span> <span class='ocrx_word' id='word_1_266' title='bbox 1304 4098 1351 4152; x_wconf 86' lang='lat' dir='ltr'><strong>uel</strong></span> 
     </span>
     <span class='ocr_line' id='line_1_35' title="bbox 256 4193 1349 4270; baseline -0.006 -15"><span class='ocrx_word' id='word_1_267' title='bbox 256 4197 322 4256; x_wconf 89' lang='lat' dir='ltr'><strong>inde</strong></span> <span class='ocrx_word' id='word_1_268' title='bbox 346 4197 528 4269; x_wconf 76' lang='lat' dir='ltr'><strong>intellegitur,</strong></span> <span class='ocrx_word' id='word_1_269' title='bbox 553 4196 630 4269; x_wconf 90' lang='lat' dir='ltr'><strong>quod</strong></span> <span class='ocrx_word' id='word_1_270' title='bbox 658 4213 767 4270; x_wconf 86' lang='lat' dir='ltr'><strong>semper</strong></span> <span class='ocrx_word' id='word_1_271' title='bbox 794 4196 843 4252; x_wconf 75' lang='lat' dir='ltr'><strong>ille</strong></span> <span class='ocrx_word' id='word_1_272' title='bbox 873 4195 945 4252; x_wconf 77' lang='lat' dir='ltr'><strong>»ibi«</strong></span> <span class='ocrx_word' id='word_1_273' title='bbox 964 4194 1074 4262; x_wconf 76' lang='lat' dir='ltr'><strong>uooula,</strong></span> <span class='ocrx_word' id='word_1_274' title='bbox 1102 4193 1194 4250; x_wconf 77' lang='lat' dir='ltr'><strong>›illio‹</strong></span> <span class='ocrx_word' id='word_1_275' title='bbox 1211 4209 1349 4262; x_wconf 80' lang='lat' dir='ltr'><strong>nusquam</strong></span> 
     </span>
     <span class='ocr_line' id='line_1_36' title="bbox 257 4301 393 4356; baseline -0.022 0"><span class='ocrx_word' id='word_1_276' title='bbox 257 4313 324 4356; x_wconf 75' lang='lat' dir='ltr'><strong>usur</strong></span> <span class='ocrx_word' id='word_1_277' title='bbox 343 4301 393 4353; x_wconf 86' lang='lat' dir='ltr'><strong>est.</strong></span> 
     </span>
    </p>
   </div>
   <div class='ocr_carea' id='block_1_4' title="bbox 0 0 1513 4904">
    <p class='ocr_par' dir='ltr' id='par_1_6' title="bbox 0 0 1513 4904">
     <span class='ocr_line' id='line_1_37' title="bbox 0 0 1513 4904; baseline 0 0"><span class='ocrx_word' id='word_1_278' title='bbox 0 0 1513 4904; x_wconf 95' lang='lat' dir='ltr'><strong> </strong></span> 
     </span>
    </p>
   </div>
  </div>
 </body>
</html>
