3010 4904
682 377 721 438 35

156 570 263 629 aut-
282 570 315 628 et
337 561 398 628 hoe
420 562 549 645 quidem
569 562 699 646 saepius
714 597 750 607 -
766 561 917 644 uitarunt,
938 560 1068 626 diuersa
1081 563 1249 645 praeterea

156 672 295 738 diuersis
317 672 515 757 temporibus
537 671 663 738 ratione
681 671 741 737 usi.
795 670 881 754 quod
911 689 989 736 casu
1019 669 1178 734 accidisse
1208 687 1249 733 ne
1291 707 1296 714 -

157 781 256 859 dicas,
281 780 368 866 apud
390 800 498 848 omnes
522 781 704 866 scriptores,
733 778 904 846 dummodo
927 780 1038 861 quales
1061 765 1196 860 quisquc
1218 783 1250 842 et

157 911 218 973 qno
240 891 310 956 loco
331 890 439 956 hiatus
462 890 629 956 admiserit
644 889 724 955 satis
739 895 888 954 accurate
901 887 1112 972 perspexeris,
1130 892 1250 952 certam

156 1000 299 1084 aliquam
322 1001 448 1066 uitandi
471 1001 579 1066 hiatus
595 1001 688 1083 quasi
704 1001 849 1085 regulam
864 1001 996 1084 agnosci
1010 1007 1147 1084 reputes.
1168 999 1249 1064 tales

157 1116 264 1174 autern
285 1128 365 1190 quas
388 1117 598 1190 sequerentur
619 1130 746 1176 normas
774 1130 833 1175 suo
856 1128 1013 1193 quemque
1044 1108 1108 1173 sibi
1130 1107 1249 1173 indicio

157 1217 361 1300 arbitrioque
387 1219 526 1302 elegisse
560 1219 748 1304 scriptorem
781 1219 853 1302 quis
887 1217 1018 1284 credet?
1062 1219 1163 1282 Immo
1186 1217 1252 1282 alia

157 1335 232 1392 sunt
253 1327 328 1392 aliis
350 1326 383 1392 in
405 1326 569 1393 rhetorum
592 1327 712 1394 scholis
734 1328 812 1393 data
833 1328 873 1393 de
892 1327 1026 1392 uitando
1046 1326 1139 1392 hiatu
1158 1346 1250 1411 prac-

157 1444 260 1520 cepta,
281 1435 445 1502 seueriora
467 1437 585 1522 partim
613 1457 714 1519 eaque
735 1437 906 1503 Isocrateis
926 1437 1101 1520 simillima,
1134 1435 1252 1520 partim

158 1545 273 1628 quibus
306 1553 379 1630 post
412 1546 477 1622 (uel
504 1551 591 1623 ante)
632 1555 736 1612 certas
768 1547 837 1612 siue
868 1547 980 1612 literas
1013 1565 1069 1612 seu
1095 1545 1253 1611 uocabula

159 1654 256 1720 certis
277 1655 359 1720 locis
381 1654 450 1720 hiat
437 1661 504 1720 tum
527 1675 592 1720 non
614 1655 661 1720 ita
683 1655 837 1721 uitiosum
858 1676 929 1722 esse
951 1662 1152 1721 statueretur

242 1763 304 1829 Ac
318 1764 420 1829 Philo
442 1762 603 1846 quidem
595 1785 628 1828 ιιι
651 1764 777 1830 uitandi
795 1764 864 1830 hiat
852 1772 903 1831 tus
939 1765 1046 1831 studio
1077 1763 1156 1847 quid
1188 1763 1302 1828 sibinm
1295 1778 1407 1818 urulo-

157 1872 475 1956 propriumhaberet,
455 1880 584 1939 treete
599 1873 650 1939 his
671 1873 778 1938 uerbis
793 1874 977 1940 inlustrauit
992 1873 1251 1941 Heroherusl:
1268 1880 1324 1930 1³¹1u
1285 1831 1400 1920 h'idpssl·

163 1981 259 2059 „Sero
277 1981 424 2048 intellexi
442 1981 566 2048 hiatum
582 1982 753 2048 aPhilone
768 1982 1069 2048 studiosissimct
1021 2003 1054 2048 ur
1056 1990 1159 2048 tatum
1173 2002 1253 2065 esse,

161 2091 280 2175 quippe
303 2091 358 2174 qui
388 2091 500 2157 illum
521 2099 608 2172 post
630 2099 812 2176 punctum
840 2090 997 2174 quidem
1031 2098 1095 2156 aut
1125 2091 1254 2174 uirgu-

160 2201 236 2265 lam
262 2199 480 2282 aliquoties
503 2199 717 2278 admiserit
740 2198 808 2265 sed
829 2219 1017 2283 nusquam
1039 2208 1255 2286 praetcrea,

160 2329 206 2374 ne
241 2318 333 2392 post
368 2311 578 2376 articulum
614 2310 768 2392 quidem
798 2311 861 2376 uel
894 2307 958 2372 καί
988 2309 1253 2394 particulam“.

160 2419 338 2486 Verissime
360 2420 440 2486 haec
463 2421 551 2486 dicta
573 2441 643 2486 esse
665 2429 700 2486 ut
721 2421 792 2504 ipse
818 2439 1002 2504 cognoscas,
1034 2419 1115 2485 haec
1147 2419 1255 2484 hiatus

161 2527 340 2594 aPhilone
364 2529 498 2596 admissi
530 2529 678 2613 exempla
699 2529 775 2595 uide
798 2528 991 2613 composita:
1026 2548 1165 2614 prooem.
1199 2530 1255 2607 §2

95 2619 99 2636 ’
160 2629 193 2698 αἱ
215 2638 354 2724 μνῆμαι·
377 2631 395 2702 ὁ
419 2635 455 2702 δέ
474 2674 500 2684 -
532 2643 560 2703 3.
580 2631 760 2721 παράδοξα.
773 2629 816 2702 Ὃ
830 2635 866 2701 δὲ
884 2630 1203 2724 λέγω-διαλάμψῃ.
1223 2629 1258 2701 Ὁ

160 2779 202 2792 ·-·
224 2746 250 2826 I,
271 2750 300 2809 4.
323 2744 411 2828 μένει
434 2749 485 2832 γῆ.
519 2741 570 2811 At
593 2745 629 2812 dd
649 2743 1003 2830 -περιτροχάζουσαι,
1027 2745 1075 2825 εἷς
1091 2745 1127 2812 δὲ
1153 2783 1190 2794 -
1212 2749 1257 2830 ΙΙ,

162 2860 190 2920 5.
214 2849 421 2940 ἐφάψασθαι.
443 2849 498 2920 Ἢ
513 2851 573 2939 γὰρ
596 2851 1256 2944 (nonnasctprcoascribenda-111,

161 2970 189 3028 4.
214 2957 369 3047 ἐνάργεια,
391 2959 535 3046 ἱστορίας
557 2963 593 3030 δὲ
605 3001 642 3012 -
657 2967 711 3046 IV,
728 2970 755 3031 3.
769 2961 957 3050 ἐχαλκεύθη.
987 2960 1148 3042 Ὑποθεὶς
1169 2964 1205 3030 δὲ
1217 3001 1257 3012 ··-

164 3075 192 3135 5.
214 3072 365 3158 σήκωμα·
387 3074 440 3138 ἵνα
462 3073 499 3141 δὲ
518 3077 622 3154 -VL
639 3070 879 3160 1.εἶργάσαντο,
904 3065 994 3160 ὄρεσι
1013 3075 1085 3158 (sed
1098 3082 1183 3141 recte
1197 3074 1258 3139 hoc

164 3181 235 3247 loco
257 3183 406 3248 lacunam
429 3184 563 3268 agnouit
584 3185 790 3264 Heroherus).

263 3292 305 3355 At
327 3292 361 3356 in
383 3313 485 3378 pausa
508 3293 566 3358 alii
587 3294 760 3378 scriptores
783 3294 872 3360 uelut
892 3294 1083 3362 Plutarchus
1103 3294 1259 3379 Polybius

163 3399 286 3465 hiatum
301 3400 399 3466 etiam
413 3401 521 3468 rarius
536 3401 744 3468 admiserunt.
766 3423 830 3468 non
845 3422 938 3487 nego,
954 3403 1012 3469 sed
1032 3403 1103 3485 quis
1118 3403 1259 3467 omnium

164 3528 272 3574 omnes
289 3517 362 3593 post
384 3508 438 3572 καί
458 3511 650 3594 particulam
668 3519 699 3577 et
715 3512 867 3579 articulos
882 3511 991 3584 hiatus
1012 3511 1258 3596 prorsuseuita-

165 3616 239 3681 nit?
260 3616 296 3682 id
318 3617 403 3700 quod
424 3639 464 3684 ne
484 3619 658 3686 Isocratem
679 3620 808 3702 quidem
833 3620 947 3686 eadem
966 3620 1000 3684 in
1021 3619 1168 3686 omnibus
1191 3640 1259 3686 ora-

164 3725 305 3792 tionibus
329 3747 406 3793 cura
428 3735 630 3812 persecutum
652 3747 723 3794 esse
749 3747 842 3793 nemo
870 3728 1005 3812 ignorat.
1048 3748 1143 3812 porro
1166 3748 1260 3811 quem

166 3854 286 3917 quaeso
307 3835 443 3920 proinde
466 3857 504 3902 ao
527 3837 715 3904 Philoneml
738 3837 778 3901 ab
800 3838 887 3902 omni
913 3857 976 3920 qua
997 3835 1121 3902 hiatum
1143 3838 1261 3904 uitaret

264 4087 281 4139 6
309 4087 414 4142 Aeliam.
432 4089 569 4159 Porphyr.
590 4088 697 4169 Philon
715 4089 780 4156 Byr.
799 4089 847 4143 lib.
881 4089 998 4144 Parisiis
1018 4091 1087 4144 1858
1105 4090 1147 4144 ed.
1167 4090 1260 4144 Didot.

165 4181 228 4236 adn.
248 4181 311 4238 crit.
331 4200 358 4251 p.
370 4183 454 4238 Lxx.

265 4281 282 4334 7
309 4295 372 4334 nam
398 4281 499 4350 paucis
529 4281 598 4337 locis
625 4280 675 4338 ubi
692 4279 927 4354 praepositionum
946 4281 1119 4351 quarundam
1137 4281 1262 4337 uocalem
