3010 4904
689 359 728 420 23

166 563 227 627 que
249 553 411 613 seruatum
433 547 608 631 Sicyone
631 565 702 612 esse
723 546 939 630 perhibeatur.
987 546 1067 626 quid
1098 543 1192 628 enim,
1224 552 1259 612 ut

162 676 268 740 pauca
298 657 468 741 proferam,
504 657 608 739 magis
641 655 835 734 „Adrasti
867 657 959 720 erca“
974 657 1000 700 ³⁹
1035 655 1260 738 Sicyoniorum
1339 665 1360 682 ⁴·

163 772 195 832 et
218 765 337 832 fabulis
367 766 518 832 conuenit
548 773 580 831 et
614 765 790 848 religioni?
828 763 907 848 quid
936 763 1032 830 remis
1060 765 1259 847 Argonauta-

163 895 235 940 rum
256 895 328 940 cum
351 875 578 958 gubernaculis
593 873 629 958 ⁴⁰,
660 875 812 957 quoniam
841 874 884 938 ad
903 873 1127 939 Aristonautas
1140 876 1167 914 ⁴¹
1189 873 1260 938 Pel-

163 981 252 1050 lenes
288 992 424 1070 portum,
454 985 489 1051 in
522 984 670 1069 proxima
693 981 841 1068 Sicyonis
873 984 996 1048 uicinia
1026 983 1174 1067 positum,
1204 1003 1260 1048 na-

164 1113 238 1160 uem
257 1095 463 1178 Argonautae
486 1094 651 1178 adpulisse
673 1093 887 1160 dicebantur?
915 1092 994 1175 quid
1016 1092 1154 1175 denique
1176 1093 1260 1176 Aga-

165 1203 342 1269 memnonis
365 1204 470 1288 olipeo
494 1209 526 1268 et
547 1203 727 1285 machaera,
761 1202 881 1286 quippe
915 1221 1009 1284 quem
1044 1201 1186 1268 exercitu
1218 1200 1261 1266 ad

164 1313 277 1378 urbem
299 1312 426 1378 admoto
450 1312 588 1396 Sicyone
610 1331 763 1396 regnasse
785 1310 976 1376 narrarent?
997 1311 1105 1385 (Paus.
1116 1311 1159 1393 ΙΙ,
1175 1314 1203 1393 6,
1219 1312 1261 1388 7).

231 1422 282 1486 Ad
314 1422 483 1505 sequentia
513 1421 710 1506 progredior.
763 1421 820 1488 ubi
852 1441 924 1486 oum
955 1419 1097 1502 Argiuae
1129 1419 1417 1490 Iunonisocrerrgu.

164 1532 317 1616 templum
347 1532 506 1614 asylum
527 1535 614 1596 reote
636 1530 678 1595 ab
698 1529 845 1614 Ampelio
868 1527 1035 1613 adpellari,
1069 1547 1262 1611 quamquam

165 1640 223 1706 alii
246 1638 361 1705 desunt
380 1645 488 1722 testea,
511 1659 529 1704 e
552 1638 717 1704 Plutarchi
739 1644 825 1704 certe
845 1639 917 1704 looo
931 1639 959 1678 ⁴²
982 1639 1115 1721 eluceat,
1137 1635 1178 1702 de
1196 1629 1261 1720 pri'-

166 1748 227 1814 mis
249 1749 446 1833 paragraphi
469 1749 577 1815 uerbis
600 1747 686 1832 quod
708 1748 812 1813 sentio
841 1748 954 1832 paucis
986 1745 1262 1831 comprehendam.

167 1855 344 1922 Salmasius
367 1876 385 1921 e
409 1855 521 1923 codice
544 1856 716 1941 descripsit
739 1856 879 1940 ,Argis
901 1855 1082 1939 Inaoie,“
1113 1875 1172 1939 pro
1195 1875 1262 1920 oor-

166 1970 259 2049 rupto
282 1965 430 2046 ,Inaoie“
462 1965 591 2031 nomine
622 1966 768 2030 insuam
790 1964 966 2030 editionem
992 1964 1078 2047 quod
1098 1965 1171 2048 ipsa
1190 1965 1262 2029 lite-

167 2093 273 2139 rarum
301 2073 513 2140 similitudine
547 2073 829 2142 commendabatur
862 2073 1095 2152 ,Inachiae“
1133 2073 1263 2157 recepit.

167 2202 301 2265 eamque
322 2182 493 2248 lectionem
513 2187 684 2265 postquam
705 2181 803 2247 ceteri
825 2181 974 2264 editores,
1007 2188 1041 2247 ut
1060 2183 1173 2264 solent,
1195 2201 1262 2246 ser-

167 2291 291 2375 uaru'nt,
315 2293 478 2373 Iunonem,
499 2290 534 2355 ni
556 2289 661 2374 fallor,
682 2290 848 2355 Inachiam
869 2291 1115 2374 interpretantes
1127 2292 1164 2373 ⁴³,
1195 2289 1260 2374 pri-

167 2419 238 2466 mus
260 2400 373 2466 reiecit
394 2399 596 2466 Woelfflinus
619 2397 705 2477 (adn.
731 2400 799 2464 crit.
815 2397 858 2464 ad
874 2399 904 2464 h.
919 2399 939 2463 l.
956 2433 995 2446 -
1009 2398 1085 2466 diss.
1105 2419 1136 2483 p.
1153 2403 1190 2462 19
1205 2398 1261 2476 in.)

169 2509 226 2593 qui
237 2510 317 2575 conl.
329 2512 397 2593 pl,
411 2513 448 2574 18
460 2529 506 2592 sq.
519 2513 547 2593 6,
560 2512 600 2574 36
613 2508 662 2575 W.
685 2507 889 2574 scribendum
910 2527 982 2574 esse
1006 2509 1065 2588 ,in
1082 2508 1258 2574 A'ohaia“

171 2618 345 2686 contendit.
367 2625 463 2702 atque
486 2618 676 2701 ecquidem
698 2618 882 2684 coniectura
902 2617 1070 2701 probanda
1090 2618 1260 2700 Eussnero,

269 2805 304 2858 39
323 2821 407 2873 quare
425 2807 501 2858 reete
519 2801 717 2868 Woelfflinum,
732 2803 901 2858 Tzachuclrio
921 2802 973 2872 (ed.
992 2821 1019 2872 p.
1032 2806 1066 2857 69
1082 2807 1139 2859 not.
1152 2805 1196 2874 30)
1215 2804 1261 2859 ad·

169 2917 287 2964 sensum,
306 2900 480 2969 proposuisse
500 2899 636 2954 »Acasti
655 2915 726 2968 arca,
739 2915 822 2968 quam
840 2899 960 2954 Medea
978 2900 1087 2968 posuit«
1105 2900 1262 2968 praefracte

168 3013 247 3066 nego.
283 2999 380 3051 contra
397 2996 503 3065 optime
521 2995 595 3049 idem
612 2995 772 3050 emendauit
787 2995 955 3051 »Palamedis
976 2996 1150 3050 litterae«
1186 2996 1261 3050 Pala·

169 3091 258 3146 madia
275 3095 436 3145 tesseras
453 3087 572 3162 (κύβους)
591 3093 620 3145 in
639 3092 828 3147 uetustissimo
847 3092 988 3147 Fortunae
1004 3091 1201 3162 temploArgis
1219 3091 1261 3146 fu·

169 3189 223 3242 ieae
240 3187 318 3243 Paua.
338 3192 435 3242 narrat
462 3188 495 3243 11.
516 3190 560 3256 20,
579 3191 604 3243 3.

268 3283 303 3335 40
330 3281 470 3338 Urlicbsio
498 3281 717 3337 emendationem
746 3282 902 3350 praeripuit
929 3281 961 3336 Η.
989 3281 1003 3334 Ι
1010 3284 1105 3339 acob.
1140 3284 1262 3355 (specim.

170 3378 276 3433 emend.
295 3377 369 3432 Cleu.
378 3380 446 3432 1860
464 3395 490 3447 p.
504 3379 536 3431 21
556 3377 615 3447 fin.)
638 3379 725 3433 »remi
744 3378 977 3448 Argonautarum
994 3397 1057 3434 cum
1069 3381 1264 3450 gubernaculis

133 3485 138 3498 '
170 3480 199 3529 el
216 3473 355 3529 brachia(

270 3571 303 3622 41
322 3569 367 3623 uu
389 3569 607 3640 ›Argonautas‹
645 3570 680 3626 ar.
699 3570 778 3626 raus
800 3570 835 3625 11.
856 3571 899 3638 12,
917 3573 933 3623 a
953 3575 982 3626 a
1000 3572 1024 3626 c.
1046 3572 1105 3627 vu.
1119 3573 1161 3642 ac,
1176 3551 1217 3628 ir.
1231 3603 1263 3614 -

170 3667 294 3720 Rureian.
313 3665 345 3720 G.
363 3665 410 3720 Gr.
428 3665 456 3720 11
478 3684 505 3735 p.
519 3669 571 3724 342
593 3683 627 3720 m.
649 3668 702 3721 343
725 3670 821 3722 notl.
842 3666 1048 3722 -abeodem
1076 3672 1160 3738 portu
1178 3687 1266 3740 prope

168 3762 274 3832 -Sythae
292 3761 414 3816 fluminis
432 3765 534 3818 ostium
552 3765 606 3818 sito
631 3781 721 3818 annua
739 3780 843 3833 pompe
864 3763 934 3819 festo
952 3764 1089 3834 Apollinis
1115 3766 1160 3820 die
1177 3768 1263 3835 ipsius

171 3859 329 3929 Dianaeque
348 3860 496 3915 simulacra
513 3862 543 3914 in
561 3861 659 3915 urbem
677 3859 797 3931 Sicyonii
817 3859 986 3916 reducebant
1002 3861 1136 3930 (Pausil.
1153 3864 1177 3928 7,
1191 3864 1208 3915 7
1223 3880 1262 3932 aq.

175 3955 287 4014 Curtius
304 3956 331 4010 ll.
351 3957 379 4012 11
394 3977 422 4028 p.
441 3959 514 4029 498).

272 4055 306 4106 42
326 4055 377 4109 uit.
390 4055 484 4125 Pomp.
494 4073 517 4110 c.
528 4058 571 4110 24.
590 4055 626 4110 cl.
643 4054 778 4126 Paully.
796 4054 830 4110 R.
844 4055 1054 4124 Εηο.1ρ.1946.
1074 4055 1261 4111 Tascbuclr.

171 4167 241 4206 com.
259 4149 295 4205 ed
312 4150 376 4208 Mel.
394 4149 422 4204 11
440 4151 503 4223 §41
522 4152 559 4222 (p.
570 4154 613 4220 42,
630 4154 666 4207 28
681 4169 721 4223 eq.
739 4151 847 4221 Parth.)
865 4152 920 4207 uol
939 4151 987 4221 lll,
1006 4155 1022 4205 2
1039 4153 1130 4222 pauo
1144 4151 1191 4206 fin.

273 4249 308 4303 43
326 4248 362 4306 cl.
382 4248 529 4306 Tascbuolr.
550 4250 579 4304 in
598 4249 660 4305 adn.
682 4249 718 4305 ad
734 4250 762 4304 b.
782 4250 800 4304 l.
820 4268 848 4319 p.
868 4251 911 4303 ⁷5.
