3010 4904
781 355 820 416 26

251 537 382 608 aliunde
415 562 479 608 non
513 549 631 626 notam,
662 543 741 626 quin
783 543 881 608 etiam
912 542 952 609 de
987 544 1085 610 totius
1117 543 1165 610 rei
1193 542 1259 609 fide
1290 541 1347 607 ad·

253 652 416 718 dubitarit.
473 651 598 731 Quodsi
616 652 716 718 Attali
737 672 795 718 ara
825 659 898 737 post
920 652 1085 719 Gallorum
1118 651 1243 718 cladem
1270 654 1350 719 Per·

252 762 340 845 gami
371 767 516 828 extructa
546 761 597 828 his
633 762 742 828 uerbis
775 761 977 846 describitur,
1010 762 1192 830 necessario
1227 762 1347 847 princi·

252 892 327 956 pem
347 870 463 955 capitis
486 875 648 936 auctorem
666 875 739 953 post
760 890 789 934 5.
812 890 844 962 5.Ι
866 873 925 934 525
947 871 1011 949 (01
1034 873 1102 954 131,
1122 869 1156 951 4)
1178 870 1349 955 scripsisse

255 980 401 1048 eflicitur.

353 1090 467 1156 Finem
487 1088 587 1155 faciat
599 1090 739 1174 Ampelii
763 1090 803 1155 de
824 1091 913 1156 Iasi
932 1091 1129 1176 Bargylique
1145 1091 1350 1157 mirabilibus

212 1175 237 1204 Μ
255 1199 434 1265 simulacris
457 1200 627 1265 enarratio.
668 1200 752 1265 nihil
774 1200 860 1266 enim
882 1200 946 1266 nisi
967 1201 1054 1267 Iasi
1085 1221 1201 1266 nomen
1227 1200 1261 1265 in
1281 1221 1350 1266 cor-

254 1313 348 1391 rupta
370 1306 492 1373 codicis
514 1307 651 1374 lectione
670 1309 769 1374 latere
793 1308 928 1374 conlatis
943 1307 1073 1393 Polybii
1093 1308 1193 1393 (XVI,
1213 1307 1264 1391 12)
1279 1330 1350 1374 uer·

254 1415 304 1481 bis
327 1417 540 1488 certissimum
562 1422 620 1484 est.
654 1436 846 1500 quamquam
871 1417 970 1482 etiam
990 1437 1076 1483 nunc
1097 1422 1219 1483 restant
1240 1397 1350 1483 dubia.

254 1528 350 1606 atque
381 1523 521 1607 primum
553 1521 639 1606 quod
661 1515 843 1590 Urlichsius
875 1523 1068 1607 opinabatur
1088 1523 1218 1608 Polybii
1244 1545 1352 1592 errore

254 1630 375 1716 oppida
394 1632 479 1697 inter
497 1651 532 1698 se
555 1638 749 1698 commutata
769 1653 849 1716 esse,
871 1653 944 1698 cum
964 1653 1022 1718 per
1044 1653 1079 1699 se
1100 1653 1214 1718 parum
1234 1637 1350 1719 proba·

177 1745 181 1751 ’
255 1740 320 1806 bile
354 1741 404 1824 sit,
435 1746 504 1806 tum
531 1748 641 1826 aperte
673 1743 849 1808 reuincitur
878 1743 1043 1808 titulorum
1065 1743 1134 1808 Iasi
1154 1751 1353 1828 repertorum

255 1849 438 1916 testimonio
469 1849 524 1933 (ef.
547 1848 691 1914 Hultsch.
724 1847 798 1914 adn.
827 1849 896 1914 crit.
918 1848 961 1915 ad
981 1850 1092 1934 Polyb.
1114 1851 1159 1932 1.).
1201 1851 1353 1917 nimirum

255 1959 382 2024 Dianae
403 1965 538 2042 utroque
559 1959 629 2024 loco
651 1964 759 2024 statua
783 1965 860 2042 erat
892 1957 1072 2042 Oindyadis
1102 1961 1266 2044 Bargyliis
1299 1961 1353 2040 151.

258 2068 362 2134 Strab.
384 2067 462 2133 XIV
483 2089 514 2152 p.
538 2065 623 2152 658),
659 2067 742 2133 Iasi
759 2067 944 2134 Astiadis
975 2067 1206 2150 (51111115Π
1236 2090 1267 2155 p.
1287 2071 1350 2134 466
1374 2095 1378 2104 ·

257 2198 307 2244 no.
332 2177 472 2258 2683)⁵⁰.
525 2177 638 2259 Itaque
662 2175 837 2242 secundum
859 2177 946 2243 tituli
968 2177 1160 2262 Polybiique
1183 2178 1353 2244 auctorita·

257 2295 321 2354 t-em
344 2308 409 2354 non
423 2286 525 2354 solum
539 2287 650 2368 uemss
668 2289 706 2349 15
721 2293 831 2352 narrat
845 2287 1022 2371 Ampelius,
1042 2287 1102 2353 sed
1117 2287 1240 2354 additis
1255 2277 1355 2354 etiam

260 2417 490 2478 „marmoreum
503 2396 831 2482 pulcherrimumque“
856 2397 965 2462 uerbis
982 2397 1059 2463 noni
1078 2395 1204 2480 aliquid
1217 2395 1356 2463 addisci-

258 2527 338 2574 mus.
361 2489 451 2585 Quae
473 2526 568 2588 quam
590 2507 709 2572 uellem
730 2506 921 2590 praedicare
941 2506 981 2573 15
1004 2507 1211 2589 sequentibus
1227 2506 1355 2572 liceret!

258 2615 317 2683 sed
339 2623 374 2682 ut
395 2635 445 2681 res
468 2629 608 2682 senune
627 2615 733 2698 habet,
756 2614 835 2697 quid
857 2615 921 2681 fide
942 2615 1074 2699 dignum
1089 2615 1299 2699 indignumne
1314 2617 1357 2682 sit

258 2741 323 2792 nou
354 2720 508 2806 expedio:
542 2720 577 2786 id
609 2740 706 2786 unum
739 2720 930 2786 contendam
958 2741 999 2786 ex
1020 2722 1150 2806 Polybii
1183 2723 1255 2789 loco
1276 2724 1359 2790 nihil

258 2852 354 2918 posse
386 2829 524 2898 subsidii
551 2829 628 2914 peti,
662 2829 814 2911 quoniam
840 2849 923 2910 quae
952 2829 1008 2894 ille
1037 2828 1079 2894 de
1101 2830 1359 2915 Bargylietarum

259 2943 367 3008 Diana
397 2940 504 3027 prodit
535 2958 665 3024 prorsus
697 2938 806 3004 aliena
835 2943 909 3004 sunt
938 2937 979 3004 ab
1000 2937 1142 3021 Ampelii
1164 2940 1204 3005 de
1224 2940 1359 3006 Veneris

260 3052 335 3118 1555
355 3049 603 3131 narratiuncula,
624 3048 672 3114 ite
694 3053 789 3114 utne
810 3046 847 3114 id
860 3045 992 3129 quidem
1006 3047 1102 3132 plane
1131 3053 1263 3131 constet,
1282 3068 1359 3114 num

261 3180 339 3227 uera
359 3161 401 3226 sit
423 3158 571 3244 speciosa
592 3155 627 3221 O.
649 3155 684 3221 L.
699 3153 809 3221 Rothii
824 3154 878 3233 151.
889 3153 1026 3220 Woelffl.
1040 3153 1114 3220 adn.
1130 3155 1200 3221 crit.
1221 3154 1264 3221 ad
1278 3155 1308 3220 lr.
1322 3153 1358 3237 l.)

262 3268 452 3338 emendatio.
474 3287 578 3350 neque
592 3266 726 3331 multum
741 3264 817 3330 inde
833 3265 994 3330 lucramur
1004 3263 1091 3347 qnod
1105 3270 1190 3330 reete
1201 3265 1360 3330 'Paschae-

260 3382 336 3447 kius
355 3377 516 3445 Isidorum
537 3375 631 3458 (orig.
646 3361 741 3457 XVI,
754 3377 784 3456 4,
796 3377 824 3437 4.
847 3372 888 3438 cl.
911 3372 1009 3438 etiam
1031 3375 1086 3454 §2
1107 3373 1148 3439 de
1170 3373 1361 3458 Magnete

261 3486 370 3574 lapide
393 3506 465 3552 cum
485 3482 609 3567 Ampel.
630 3480 648 3564 ᾖ
666 3481 716 3562 11)
745 3479 905 3547 intellexit
922 3479 1060 3546 eandem
1081 3481 1223 3547 fabulam
1243 3481 1361 3548 iisdem

363 3673 399 3725 50
416 3672 539 3725 ceterum
555 3669 630 3720 recte
654 3663 727 3720 uidit
743 3663 898 3719 Urlichsius
921 3663 956 3718 15
979 3663 1117 3718 lesiornm
1135 3663 1223 3718 1115115
1239 3663 1361 3718 Plinium

264 3767 334 3832 (NH.
355 3767 400 3833 36,
419 3767 464 3837 12)
493 3763 596 3818 dixisse
623 3760 790 3816 »ostendunt
808 3765 835 3816 et
855 3760 920 3815 15511
939 3761 991 3829 (115
1009 3760 1068 3816 551.
1088 3759 1214 3818 11155511.
1236 3789 1267 3802 -
1285 3759 1364 3815 Lusii

233 3845 237 3862 ⁸
266 3863 326 3920 cod.
346 3863 424 3918 Voss.
443 3862 501 3916 len.
520 3859 646 3928 Detleis.)
666 3859 784 3914 Dianam
802 3859 929 3914 manibus
948 3875 1043 3913 eorum
1061 3857 1108 3923 (55.
1121 3857 1220 3928 Eupoli
1238 3856 1362 3913 51111115-

268 3959 352 4031 51115)
371 3958 497 4014 lactem«
525 3975 608 4028 quem
627 3958 792 4012 sententiam
810 3956 871 4025 ipso
889 3955 1016 4025 eoquod
1033 3971 1065 4008 re
1090 3971 1157 4010 uera
1172 3955 1307 4010 Dianae
1326 3956 1362 4010 si-

268 4056 421 4111 mulacrum
439 4071 625 4111 marmoreum
643 4054 861 4124 pulcherrimum
880 4053 909 4107 in
928 4053 1049 4107 maximo
1067 4052 1141 4122 apud
1155 4051 1240 4106 155155
1257 4051 1363 4107 honore

201 4151 204 4156 ‘
270 4154 354 4209 1111555
376 4153 484 4220 5515155,
516 4153 620 4221 optime
638 4151 716 4206 uides
732 4150 911 4222 comprobari
940 4147 986 4215 (cf.
1006 4149 1131 4204 Brenn.
1150 4148 1230 4204 11111
1244 4151 1360 4220 prom.

269 4251 389 4321 05551.
408 4249 437 4306 11.
456 4250 469 4304 1
486 4267 513 4321 p.
524 4249 627 4319 1155).
