3010 4904
692 341 730 402 37

161 528 290 594 nullum.
331 527 389 594 sed
420 528 597 614 paullulum
627 534 836 613 temperatum
870 529 1025 598 rationem
1045 529 1147 594 secuti
1180 537 1254 597 sunt

160 637 394 705 Plutarchus
418 637 594 703 Galenus
617 638 864 704 Ptolemaeus
887 645 920 703 et
940 637 975 703 in
999 639 1162 705 nonnullis
1185 657 1254 705 ora-

160 747 301 812 tionibus
324 747 436 829 eisque
450 766 573 812 summo
589 765 685 830 opere
701 746 869 830 perpolitis
887 748 935 826 (ut
948 746 983 811 in
997 745 1253 829 Panathenaico)

160 854 373 936 Aristidem
396 861 470 940 post
493 853 606 920 breues
624 853 758 920 uocales
788 860 984 936 accentuque
1014 860 1160 920 carentes
1184 873 1254 920 sae·

161 964 233 1048 pius
255 964 379 1031 hiatum
400 963 532 1030 admisit
552 963 766 1048 Appianus3
797 971 871 1048 post
894 963 1008 1030 breues
1029 983 1147 1042 omnes,
1181 983 1254 1030 acu·

160 1081 210 1140 tus
234 1092 358 1157 quoque
370 1073 601 1157 Pausanias,
613 1091 706 1156 quem
719 1071 804 1154 quod
819 1071 977 1156 singulari
992 1072 1117 1139 ratione
1131 1073 1254 1140 hiatum

160 1182 281 1249 uitasse
303 1182 444 1249 nondum
465 1188 698 1268 perspexerunt
719 1181 783 1247 uiri
806 1181 902 1262 docti,
937 1161 1017 1248 sistis
1047 1182 1158 1248 mirari
1191 1201 1254 1248 non

159 1311 299 1376 possum.
347 1291 604 1358 diuersissimam
626 1290 743 1356 deinde
776 1311 835 1357 nec
856 1290 961 1357 minus
982 1291 1179 1376 singularem
1201 1311 1249 1358 re·

159 1402 270 1484 gulam
299 1400 548 1484 diligentissime
580 1399 765 1466 obseruauit
787 1399 1055 1482 Callistratus,
1090 1399 1133 1465 ad
1161 1400 1252 1466 cuius

160 1510 404 1577 similitudinem
424 1510 454 1575 is
475 1508 620 1595 proxime
652 1508 708 1591 qui
731 1507 959 1574 Charidemum
988 1507 1119 1593 scripsit
1150 1507 1254 1574 dialo-

160 1640 235 1704 gum
257 1619 340 1686 inter
362 1619 527 1685 Lucisnea
557 1639 726 1703 perperam
756 1625 928 1702 receptum,
957 1617 1078 1700 aliique
1107 1618 1254 1684 nonnulli

161 1728 327 1796 accedunt.
370 1729 454 1796 Nolo
476 1729 529 1793 hic
549 1748 659 1794 omnes
683 1728 738 1811 qui
752 1727 893 1794 secundo
915 1727 1044 1792 saeculo
1059 1727 1256 1811 scripserunt

160 1858 356 1914 enumcrare,
380 1837 464 1904 unde
486 1836 596 1903 nescio
617 1835 696 1918 quid
717 1835 950 1902 lucrifaciam:
973 1835 1127 1902 maiorem
1148 1843 1254 1900 autmu

160 1956 283 2034 partem
306 1968 415 2014 eorum
437 1945 576 2029 quidem,
598 1965 731 2030 quorum
753 1944 853 2010 libros
885 1964 970 2010 nunc
991 1945 1136 2029 legimus,
1158 1944 1253 2010 uitio·

162 2057 325 2142 sumplus
349 2056 454 2123 minus
477 2054 601 2120 hiatum
621 2054 773 2120 habuisse
796 2053 961 2120 adseuero.
994 2052 1052 2120 sed
1067 2054 1165 2119 etiam
1180 2061 1255 2120 tunc

120 2173 123 2186 '
163 2167 263 2233 fuisse
285 2166 341 2248 qui
362 2165 471 2230 hiatus
492 2163 574 2230 illud
594 2163 720 2230 uitandi
749 2161 891 2228 studium
921 2183 986 2228 nou
1018 2162 1255 2247 tamneglege·

164 2283 241 2354 rent,
266 2295 361 2357 quam
389 2293 460 2340 esse
487 2271 722 2358 neglegendum
755 2271 984 2350 existimarent,
1015 2271 1135 2356 quippe
1166 2269 1253 2355 quod

165 2403 289 2449 omnem
311 2381 467 2448 orationis
489 2381 556 2446 uim
577 2379 767 2463 infringeret
793 2395 968 2460 sonumque
1003 2377 1124 2444 deleret
1132 2375 1155 2461 ⁹,
1187 2397 1254 2443 oer-

163 2493 319 2559 tissimum
342 2499 401 2560 est.
444 2490 527 2557 inter
548 2509 627 2572 quos
648 2495 684 2555 ut
717 2488 799 2554 alios
821 2488 974 2571 omittam,
1006 2508 1104 2554 unum
1125 2487 1254 2553 nomino

162 2601 417 2669 hucianum¹⁰.
470 2601 575 2682 Atque
607 2597 720 2663 horum
750 2595 859 2683 opinio
892 2596 1023 2663 ineunte
1057 2597 1151 2663 tertio
1184 2615 1252 2662 sae-

162 2711 233 2777 culo
255 2731 319 2776 non
338 2708 541 2776 conualuisse
562 2708 674 2790 solnm,
697 2727 807 2773 uerum
833 2706 930 2773 etiam
953 2714 1060 2772 cetera
1091 2705 1132 2772 de
1164 2705 1255 2772 hiatu

162 2819 295 2886 uitando
327 2824 500 2902 praecepta
532 2816 661 2883 omniuo
688 2815 888 2884 submouisee
912 2835 929 2880 e
951 2815 1111 2880 rhetorum
1134 2814 1254 2881 scholis

163 2929 298 2996 uidetur.
346 2927 407 3022 hoc
438 2925 524 2992 enim
546 2925 622 2992 inde
656 2925 737 2992 satis
765 2923 975 3010 probabiliter
1006 2943 1102 3009 posse
1134 2923 1254 3006 conligi

164 3047 250 3124 puto,
283 3036 368 3120 quod
410 3036 445 3101 in
485 3035 632 3102 omnibus
665 3040 820 3118 quotquot
850 3040 962 3099 extant
990 3032 1083 3098 libris
1116 3051 1158 3098 ex
1186 3039 1255 3098 arte

165 3147 305 3232 scriptis,
326 3146 414 3212 uelut
435 3144 606 3212 Aeliani
637 3142 988 3208 Philostratorum
1022 3140 1253 3208 Herodiani

261 3393 278 3444 9
307 3405 388 3457 quern
407 3387 573 3442 sententiam
593 3385 731 3440 neminem
750 3386 860 3454 reperio
879 3384 1057 3454 grauioribus
1070 3385 1162 3438 uerbis
1175 3399 1252 3452 sper·

164 3485 237 3542 uisse
254 3484 396 3540 Demetrio
415 3483 521 3554 egregii
539 3487 602 3551 περὶ
621 3481 765 3554 ἑρμηνείας
780 3481 867 3536 libelli
885 3481 1022 3550 scriptore
1042 3480 1088 3548 (cl.
1107 3479 1188 3534 Rhet.
1206 3479 1277 3534 (ir.¹

163 3582 214 3653 111,
232 3601 259 3652 p.
273 3584 334 3646 277,
353 3581 387 3634 32
408 3596 465 3650 sqq.
484 3579 734 3649 Sp.)‚·quamquam
753 3579 837 3634 etiam
855 3578 903 3634 ille
921 3577 1032 3633 addidit
1052 3583 1090 3646 lp.
1102 3578 1162 3646 278,
1173 3579 1189 3632 3
1201 3583 1253 3646 sq.)

166 3680 210 3732 δεῖ
226 3679 257 3734 δὲ
274 3674 343 3748 (οὐκ)
361 3670 456 3747 ἠχώδη
474 3682 563 3731 ποιεῖν
577 3675 625 3743 τὴν
645 3668 784 3744 σύνθεσιν,
808 3671 927 3746 ἀτεχνῶς
952 3669 1018 3729 αὐτὰ
1041 3673 1090 3744 (sc.
1109 3669 1142 3728 τὰ
1161 3691 1253 3746 φωνη-

164 3776 238 3844 έντα)
265 3767 479 3850 συμπλήσσονῐα
508 3776 553 3824 καὶ
582 3769 618 3832 ὡς
644 3772 735 3842 ἔτυχε·
765 3770 936 3844 διασπασμῷ
959 3767 1012 3842 γὰρ
1028 3771 1087 3822 τοῦ
1110 3761 1192 3840 λόγου
1221 3768 1252 3826 τὸ

162 3871 283 3924 τοιοῦτον
300 3871 345 3922 καὶ
363 3869 503 3940 deceptura
522 3867 617 3920 ἔοικεν.

267 3969 298 4020 10
324 3981 412 4034 aquo
430 3967 543 4032 praeter
564 3961 756 4016 Charidemum
782 3959 980 4015 abiudicandos
1009 3977 1070 4014 esse
1089 3959 1136 4030 qui
1155 3960 1251 4015 Demo·

164 4063 270 4120 athenis
290 4064 452 4127 encomium,
469 4059 577 4132 patriae
597 4059 762 4124 encomium,
780 4060 905 4123 Amores,
924 4055 1048 4125 Halcyon
1060 4056 1251 4111 inscribuntur

162 4161 271 4216 libellos
290 4159 333 4212 uel
352 4175 386 4213 ex
404 4175 436 4212 ea
455 4158 515 4229 ipsa
534 4157 755 4228 recognoscitur
773 4154 847 4224 quod
858 4154 969 4208 illorum
980 4153 1131 4224 scriptores
1145 4151 1250 4207 histum

164 4273 338 4328 summopere
355 4256 488 4313 uitas-unt.

407 4347 422 4382 s
