3010 4904
701 361 740 422 at

180 543 248 610 lere
280 543 387 612 uerbis
410 545 545 628 tradere,
579 565 645 611 rem
674 565 752 611 sane
783 545 1032 629 memorabilem,
1064 567 1136 612 cum
1167 565 1270 628 neque

175 653 264 720 urbis
288 674 404 721 nomen
434 656 489 722 ille
524 653 624 720 addat
653 674 757 737 neque
787 656 873 721 unde
905 677 945 722 ea
975 655 1209 740 deprompserit
1230 689 1271 700 —-

174 783 249 828 nam
280 761 334 828 de'
354 763 500 846 Ampelio
534 783 575 828 ne
607 762 744 846 cogitari
774 763 907 846 ‚quidem
939 770 1105 848 potest-
1128 782 1270 846 comper·

175 878 243 938 tum
262 873 313 938 sit.

273 963 362 1047 Haec
384 981 484 1048 habui
516 982 632 1064 quibus
664 981 828 1048 mirabilia
856 982 898 1046 ab
922 982 1069 1066 Ampelio
1097 987 1271 1048 memorata
1291 1002 1429 1052 capuano-

175 1092 289 1174 aliqua
310 1111 351 1156 ex
370 1098 461 1176 parte
483 1111 578 1176 posse
594 1091 758 1158 inlustrari
771 1097 926 1176 putarem,
948 1097 1099 1176 patetque
1114 1091 1273 1175 permulta
1279 1055 1317 1095 ¹¹¹⁵
1330 1061 1428 1094 'mm'

174 1206 230 1266 aut
251 1200 388 1266 aliorum
408 1201 599 1284 scriptorum
621 1201 814 1266 testimoniis
836 1201 1037 1284 comprobari
1059 1207 1123 1284 ant,
1146 1199 1273 1266 etiamsi

174 1316 342 1395 praeterea
362 1329 520 1393 nusquam
544 1309 721 1392 tradantur,
750 1329 809 1393 per
830 1329 864 1375 se
887 1317 995 1374 tamen
1016 1309 1080 1375 lide
1101 1310 1180 1374 satis
1197 1303 1273 1375 'esse

174 1418 282 1502 digna.
328 1424 530 1502 quapropter,
554 1438 625 1484 cum
649 1417 705 1484 uni
728 1419 852 1484 auctori
873 1418 934 1483 boo
955 1424 1052 1503 eaput
1066 1417 1184 1484 debere
1198 1418 1273 1484 Am·

175 1529 297 1613 pelium
328 1527 530 1612 ostenderim,
563 1548 628 1593 non
656 1533 705 1594 est
734 1548 790 1594 cur
811 1526 852 1594 de
875 1527 987 1611 paucis
1007 1527 1074 1594 illis
1096 1545 1179 1608 quae
1200 1547 1272 1610 pro·

174 1639 252 1706 batn
273 1636 422 1702 difficilia
443 1643 573 1720 restant,
607 1636 686 1719 quin
717 1656 796 1702 uera
816 1637 837 1702 i.
859 1657 884 1702 e.
909 1637 950 1702 ab
980 1635 1096 1720 optimi
1120 1635 1273 1719 temperis

174 1745 383 1831 scriptoribus
405 1751 534 1812 narrata
554 1745 628 1827 sint,
649 1744 842 1810 dubitemus.

166 1852 173 1864 '
274 1857 344 1920 Iam
364 1875 430 1922 una
450 1854 640 1936 relinquitur
663 1873 765 1936 eaque
786 1853 943 1938 impedita
968 1874 1006 1919 ac
1030 1853 1155 1920 lubrica
1176 1865 1430 1968 quae-dgffiiffiq

175 1965 248 2048 stio,
270 1961 435 2047 quando
457 1969 496 2028 et
518 1962 586 2028 ubi
609 1968 646 2028 et
668 1983 689 2028 a
710 1982 784 2045 quo
805 1962 909 2028 haec
930 1969 1133 2030 terrarum
1158 1964 1273 2030 mira·
1325 1970 1397 2010 ΜΒ·

176 2073 271 2140 cula
291 2072 465 2158 primum
486 2071 675 2138 conlecta
696 2071 781 2136 sint.
826 2091 890 2154 qua
920 2072 955 2136 in
985 2073 1174 2155 quaestione
1202 2094 1276 2140 cum

176 2185 331 2270 pleraque
352 2201 484 2264 prorsus
504 2181 628 2248 incerta
647 2201 732 2247 nuuc
752 2180 886 2247 enodari
906 2189 1077 2266 nequeant,
1106 2203 1147 2248 ne
1170 2183 1275 2249 conie-

177 2291 276 2360 cturis
298 2290 395 2356 nimis
419 2289 614 2374 indulgeam,
634 2309 738 2374 pauca
759 2295 893 2373 tantum,
916 2310 998 2372 quae
1020 2311 1061 2356 ex
1081 2286 1188 2376 priore
1209 2290 1275 2358 dis·

173 2400 340 2487 putatione
371 2419 443 2478 cum
474 2398 584 2482 aliqua
605 2398 832 2484 probabilitate
856 2399 977 2484 conligi
998 2420 1093 2485 posse
1115 2400 1274 2484 existimo,

177 2511 238 2576 hoc
260 2510 331 2576 loco
352 2507 520 2592 proferam.

275 2619 380 2700 Atque
409 2617 547 2701 primum
578 2613 709 2698 quidem
741 2614 776 2681 id
798 2621 875 2700 puto
902 2617 944 2682 ab
966 2619 1054 2684 omni
1076 2618 1276 2687 dubitatione

176 2733 280 2794 tutum
300 2745 381 2808 esse,
406 2723 586 2808 principem
607 2744 701 2806 quem
723 2724 796 2791 dico
819 2733 981 2791 auctorem
1004 2727 1205 2796 Graccum
1226 2730 1275 2797 lu-

175 2839 249 2904 isse.
292 2836 470 2901 Romanum
491 2832 577 2900 enim
598 2833 627 2899 si
648 2840 782 2916 statuas,
816 2833 872 2916 qui
903 2833 974 2899 fieri
1004 2837 1108 2920 potuit
1129 2844 1164 2903 nt
1185 2838 1277 2904 nulla

175 2945 289 3012 Italiae
310 2944 466 3010 miracula
488 2949 665 3026 narrentur,
698 2942 821 3008 nullum
854 2941 982 3009 omnino
1008 2950 1095 3010 extet
1118 2947 1275 3013 Romano·

178 3075 248 3122 rum
269 3052 397 3138 imperii
419 3051 618 3134 uestigium?
639 3057 736 3133 atque
757 3049 818 3116 hoc
840 3056 872 3116 et
892 3050 1000 3134 ipsum
1020 3051 1211 3122 documento
1226 3063 1276 3122 est

176 3165 365 3248 scriptorem
386 3161 485 3228 multo
517 3171 591 3224 ants
612 3159 754 3242 Augusti
783 3165 928 3244 tempora
957 3158 1089 3247 uixisse,
1123 3162 1159 3229 id
1190 3163 1276 3247 quod

176 3293 248 3340 cum
269 3271 398 3355 singula
409 3269 636 3354 perlustrarem
658 3287 814 3352 persaepe
828 3268 947 3352 monui,
967 3270 1056 3335 uelut
1073 3271 1186 3338 ubido
1202 3274 1274 3340 Am·

175 3381 295 3464 bracia,
316 3378 358 3444 dc
376 3377 530 3463 Sicyonio
551 3377 711 3462 Apollinis
742 3377 860 3462 templo
882 3378 1063 3445 Pausaniae
1085 3387 1190 3448 aetate
1211 3385 1276 3450 iam

178 3488 299 3556 dudum
321 3486 525 3572 conflagrato,
560 3486 600 3552 dc
623 3485 730 3571 Oropo
764 3487 917 3554 Boeotiae
948 3507 969 3552 a
998 3490 1154 3574 scriptore
1176 3490 1276 3558 adnu-

179 3604 309 3676 merata,
332 3597 374 3662 al.
396 3595 540 3680 exposui.
578 3594 658 3678 qnid
680 3595 766 3678 quod
786 3602 819 3661 et
838 3594 991 3662 Corintho
1014 3603 1046 3663 et
1066 3598 1163 3683 Argis
1184 3601 1277 3686 Epiri

178 3707 256 3773 urbe
277 3705 426 3789 quodque
446 3704 495 3770 ibi
519 3710 587 3770 erat
608 3704 737 3770 oraculo
758 3705 942 3771 memoratis
975 3712 1050 3770 ante
1072 3706 1276 3791 Epirotarum

178 3813 304 3881 cladem
326 3813 535 3895 Corinthique
568 3812 732 3879 excidium
757 3813 812 3878 ille
842 3813 1011 3899 scripsisse
1044 3813 1181 3882 uidetur.
1224 3819 1276 3885 cui

178 3923 315 4008 tempori
336 3921 415 4006 quid
438 3923 542 3989 obstet
563 3921 645 3987 nibil
667 3921 800 4006 reperio.
856 3920 974 3986 Contra
996 3923 1147 4005 quoniam
1169 3932 1274 3992 extru-

176 4037 261 4101 ctam
279 4031 429 4116 Pergami
457 4051 546 4096 aram
567 4031 704 4116 scriptor
724 4030 823 4115 nouit,
846 4029 941 4097 huius
965 4033 1082 4117 capitis
1114 4034 1277 4102 mirabilia

37 4205 44 4224 ,
177 4147 251 4225 post
271 4161 300 4206 a
319 4160 350 4206 u.
373 4143 432 4206 525
456 4141 601 4208 conlecta
626 4159 697 4210 esse
719 4139 863 4224 adparet.
890 4141 996 4224 Atque
1017 4141 1079 4208 illi‘
1088 4142 1188 4210 aetati
1208 4163 1274 4208 ma·

178 4249 330 4318 nifestum
351 4254 400 4314 est
420 4269 518 4333 quam
541 4256 650 4334 aptum
672 4269 831 4333 quamque
852 4254 1099 4318 consentaneum
1126 4251 1213 4318 omni
1234 4271 1276 4321 ex
