3010 4904
247 542 407 627 prioribus
428 545 499 611 eius
521 545 650 612 scholae
671 545 826 629 sophistis
847 545 1040 612 adscribere.
1082 546 1169 630 quod
1199 553 1233 613 ut
1268 566 1341 612 con·

247 652 376 720 tendam
400 653 523 722 duabus
546 655 748 740 potissimum
772 656 878 722 causis
909 655 1055 739 efficitur,
1088 656 1225 722 altera
1246 655 1341 739 quod,

247 781 463 847 quoscumque
484 764 713 846 posterioribus
737 765 875 830 saeculis
896 765 981 832 idem
996 773 1201 849 praeceptum
1215 771 1341 832 moratos

249 875 395 958 cognoui,
425 874 511 957 opud
532 893 588 940 eos
611 894 819 958 permagnam
841 875 949 940 hiatus
973 874 1006 939 in
1028 893 1131 959 pausa
1153 881 1248 956 atque
1270 879 1343 953 post

247 984 302 1049 καί
322 992 355 1050 et
375 984 526 1050 articulos
548 984 682 1050 admissi
703 984 917 1067 frequentiam
939 1003 1010 1050 esse
1033 983 1255 1060 animaduerti,
1286 981 1339 1047 al·

247 1102 332 1161 tera
367 1094 452 1176 quod
482 1094 548 1158 alia
570 1094 727 1176 quaedam
748 1094 886 1160 Libanio
910 1113 992 1176 quae
1020 1094 1242 1161 tribuebantur
1266 1111 1339 1177 pro-

246 1211 471 1288 gymnasmata
493 1203 527 1268 in
550 1203 664 1285 quibus
697 1203 808 1269 eadem
832 1223 870 1268 ao
894 1222 958 1286 qua
977 1203 1071 1268 Philo
1091 1223 1167 1268 usus
1192 1209 1241 1269 est
1259 1203 1340 1268 'scri-

212 1361 213 1364 ,
247 1311 345 1378 bendi
367 1312 449 1377 ratio
473 1311 729 1396 deprehenditur,
765 1319 850 1378 certo
871 1311 971 1396 priori
993 1311 1121 1376 cuidam
1143 1310 1262 1376 rhetori
1284 1310 1341 1378 ad-

247 1420 384 1487 iudicari
407 1427 549 1505 possunt.
594 1421 734 1498 Quorum
765 1421 829 1490 duo
855 1421 984 1504 quidem
1006 1441 1110 1506 aquo
1133 1421 1254 1506 scripta
1276 1421 1343 1487 sint

248 1529 387 1596 nondum
420 1531 549 1615 repperi
579 1551 638 1596 nec
663 1538 817 1618 poterunt
841 1531 976 1597 fortasse
998 1531 1189 1616 scriptorum
1211 1531 1343 1596 nomina

249 1639 411 1723 indagari;
445 1647 511 1705 tam
543 1639 624 1704 uilia
655 1640 740 1705 enim
770 1647 898 1722 tamque
927 1641 1038 1724 inepta
1059 1647 1132 1706 sunt
1153 1646 1188 1706 ut
1208 1660 1229 1704 a
1249 1660 1340 1725 prae·

248 1750 403 1815 'stantiore
423 1749 568 1833 sophista
586 1768 625 1814 ea
646 1769 709 1814 non
733 1748 861 1816 credam
887 1749 1031 1834 profecta
1052 1768 1123 1815 esse
1137 1747 1178 1812 ¹⁸:
1215 1749 1343 1814 tertium

248 1866 354 1925 autem
377 1859 420 1943 (p.
436 1858 515 1922 107'4
529 1859 613 1942 sqq.)
635 1853 795 1941 ἐγκώμιον
817 1856 965 1944 φοίνικος
988 1851 1008 1945 ἢ
1028 1855 1343 1942 pqle'agWalzius

249 1987 312 2034 non
335 1967 419 2033 uidit
440 1968 523 2034 inter
544 1968 712 2034 Nioolai
742 1967 907 2054 sophistae
929 1974 1213 2052 progymnasmata
1234 1966 1342 2051 (Rhet.

220 2076 301 2144 .Gr.
325 2077 340 2140 I
362 2099 392 2162 p.
408 2081 467 2141 329
491 2097 537 2160 sq.
564 2079 625 2154 W.)
649 2077 724 2162 legi,
748 2097 841 2159 quem
864 2077 1004 2162 (praeter
1026 2076 1180 2144 Seuerum
1202 2077 1338 2142 Alexan·

249 2185 389 2268 drinum)
421 2188 580 2267 permulta
601 2186 754 2272 intellego
776 2185 904 2252 Libanii
927 2187 1056 2252 nomine
1079 2206 1164 2252 nunc
1185 2187 1344 2270 insignita

249 2295 474 2380 composuisse.
501 2304 614 2379 ‚atque
637 2316 717 2380 quas
739 2295 869 2361 Libanii
891 2304 923 2362 et
946 2295 1074 2361 Nioolai
1097 2294 1226 2362 codices
1247 2315 1341 2381 prae-

249 2405 325 2472 bent
346 2405 536 2472 lectionibus
558 2406 641 2472 inter
663 2425 735 2472 sese
757 2404 903 2481 conlatis,
936 2405 1126 2489 quicumque
1149 2405 1272 2487 aliquid
1294 2405 1343 2470 ui-

250 2515 364 2583 dentur
387 2516 576 2584 offensionis
608 2516 725 2582 habere
759 2515 866 2582 hiatus
895 2515 1052 2581 remoueri
1082 2534 1265 2598 cognosces.
1308 2515 1344 2580 in

250 2625 377 2690 Nioolai
397 2633 502 2692 autem
520 2625 806 2692 declamationibus
829 2625 895 2691 fere
910 2625 1067 2707 omnibus,
1088 2625 1217 2691 tametsi
1232 2624 1343 2690 eadem

251 2741 325 2800 sunt
346 2742 440 2817 atque
455 2735 584 2801 Aeneae
596 2733 747 2819 Procopii
763 2733 905 2800 Chorioii
921 2734 1033 2802 Seueri
1055 2735 1096 2799 al.
1119 2717 1243 2800 ratione
1265 2734 1342 2800 sori·

202 2923 204 2929 A
251 2852 335 2928 ptae‚
366 2846 553 2928 plerumque
575 2852 682 2910 tamen
704 2844 825 2909 maiore
848 2864 918 2909 cum
941 2843 1121 2926 diligentia,
1153 2842 1265 2928 paucis
1299 2844 1344 2907 lo-

252 2953 433 3020 cutionibus
455 2944 609 3039 exceptis,
632 2953 727 3020 etiam
750 2960 822 3038 post
843 2951 898 3016 καί
918 2952 1110 3037 particulam
1130 2959 1162 3017 et
1181 2958 1254 3036 post
1268 2949 1343 3017 arti·

254 3062 342 3128 culos
365 3062 472 3130 hiatus
495 3063 589 3131 uitati
610 3069 693 3128 sunt.

355 3191 387 3243 18
406 3190 568 3245 declamatio
588 3192 688 3260 prior
712 3186 845 3256 ἠθοποιίω
873 3194 915 3244 est
939 3206 966 3259 p.
988 3190 1054 3244 1021
1080 3205 1119 3257 sq.
1145 3204 1201 3241 una
1223 3203 1285 3241 cum
1315 3203 1347 3240 ea

253 3303 323 3356 quae
341 3287 466 3355 proxime
485 3287 624 3341 antecedit
642 3287 713 3341 mala
733 3289 806 3341 inter
825 3287 895 3340 alius
911 3285 1019 3356 generis
1037 3288 1280 3355 progymnasmata
1305 3284 1346 3338 in-

253 3387 334 3437 serta.
366 3401 393 3436 u.
411 3385 428 3436 8
447 3401 487 3451 aq.
508 3383 665 3457 scribendos
685 3387 754 3452 puto
772 3386 817 3436 καὶ
835 3382 961 3450 προϊδεῖν
979 3378 1011 3435 οὐ
1031 3375 1159 3452 δύναμαι..
1195 3379 1258 3433 τίδ’
1277 3378 1347 3451 ὑπὲρ

254 3471 407 3550 εἰρήνηςῆν
425 3481 568 3546 laninam
586 3481 640 3534 τῶν
651 3474 799 3534 συνιόντων
811 3475 957 3552 ἐγενόμην.
977 3479 1047 3532 εἶτα
1065 3471 1189 3549 πόλεμον
1197 3473 1348 3544 ἠπείλησαν

254 3580 281 3629 οἱ
301 3572 422 3648 ῥήτορες·
443 3563 573 3648 (alumnis
590 3579 654 3645 βέλη
673 3579 804 3648 πολέμων
821 3570 933 3650 φεύγων
951 3573 1013 3634 τοὺς
1030 3569 1127 3644 λόγους
1144 3575 1227 3627 ἔθεον
1245 3571 1347 3626 οἴκαδε.

255 3675 303 3729 ubi
321 3680 465 3744 praeterea
485 3675 578 3728 hiatus
595 3675 726 3744 leguntur
744 3693 770 3727 u.
792 3672 825 3727 16
843 3678 921 3745 μένει
939 3667 1050 3742 ἥσυχον,
1084 3689 1111 3740 p.
1134 3671 1211 3733 1022,
1230 3671 1245 3721 5
1264 3665 1294 3721 τὸ
1314 3666 1349 3720 εῖ-

256 3769 312 3836 doc,
330 3790 357 3823 u.
378 3774 411 3824 10
428 3773 475 3824 τοῦ
493 3772 575 3840 ἔργον
592 3772 660 3825 item
678 3770 760 3825 lectio
779 3775 874 3840 aperte
899 3773 1031 3838 corrupta
1054 3771 1102 3822 est.
1127 3795 1161 3806 -·
1187 3767 1217 3820 in
1235 3765 1349 3819 altera

255 3884 283 3936 p.
304 3867 373 3920 1122
391 3886 430 3938 sq.
458 3862 652 3939 »Θεόφραστος
670 3868 814 3938 ἐρωτηθεὶς
830 3871 858 3919 τί
873 3866 948 3920 ἔστιν
965 3866 1039 3934 ἔρως,
1059 3865 1148 3934 ἔφησε
1169 3855 1278 3920 »πάθος
1296 3871 1349 3928 ψυ-

252 3965 306 4036 χῆς
324 3958 523 4034 σχολαζούσηςι
545 3964 680 4033 inscripta
698 3961 867 4032 apostropho
885 3961 973 4016 utaris
991 3979 1020 4030 p.
1041 3960 1117 4027 1122,
1137 3961 1155 4013 8
1172 3963 1200 4011 τί
1217 3957 1278 4012 ποτ’
1295 3951 1347 4026 ἄρα

255 4060 300 4131 (cf.
321 4059 398 4128 1124,
416 4061 450 4113 26
468 4066 496 4113 τί
510 4058 569 4113 ποτ’
588 4055 633 4128 ἂν)
652 4089 685 4099 -
704 4077 731 4128 p.
753 4061 829 4127 1123,
848 4060 865 4112 8
882 4057 949 4128 μηδ’
968 4058 1015 4111 ἐπὶ
1034 4085 1065 4096 -
1088 4057 1165 4122 1124,
1185 4057 1216 4107 11
1237 4045 1280 4123 ἆρ’
1299 4049 1348 4108 οὐκ

256 4159 299 4229 (ut
317 4177 344 4212 u.
356 4155 407 4227 14).
427 4183 460 4196 -
482 4157 558 4224 1125,
573 4157 589 4209 2
607 4155 633 4209 δ’
651 4148 694 4210 ἂν.
711 4172 763 4210 neo
781 4173 807 4224 p.
822 4155 898 4222 1122,
920 4153 951 4206 12
970 4149 1018 4207 τὸν
1031 4146 1137 4220 ”Epora
1156 4152 1281 4221 ἔγνωμεν
1298 4165 1349 4203 nec

255 4273 282 4326 p.
304 4253 381 4322 1123,
403 4253 435 4306 12
455 4255 501 4305 καὶ
519 4245 628 4310 εἰκότως
645 4250 719 4320 (fort.
740 4269 764 4306 κ.
782 4245 847 4323 μάλ’
866 4244 987 4319 εἰκότως)
1007 4248 1162 4318 suspicione
1181 4249 1284 4301 carent.
