3010 4904
694 368 713 437 5

156 550 281 642 partem
309 573 373 624 non
404 563 479 624 anta
513 507 643 624 tertium
673 578 703 643 p.
728 557 802 624 Chr.
825 579 857 624 n.
896 556 1058 626 sacculum
1092 553 1253 642 prioribus

38 663 41 668 ’
153 662 338 734 adiunctam
360 685 431 734 esee
452 673 578 734 constat
608 675 640 735 et
668 665 748 752 περὶ
777 661 903 751 κόσμου
935 667 1081 752 111ο11αο,’
1107 687 1125 733 c
1156 667 1251 735 cuins

153 776 260 861 capite
282 775 329 842 Vl
350 796 422 842 eam
443 775 586 842 fabulam
608 775 744 863 adparet
765 777 914 844 haustam
936 797 1017 857 csse,
1044 775 1178 843 dubium
1199 781 1250 843 cat

153 907 229 952 num
249 894 324 954 anta
345 887 467 954 Valerii
492 895 631 980 aetatem
650 888 791 974 scriptus
812 888 943 955 fuerit⁸.
997 907 1061 953 uon
1082 907 1175 972 nego.
1213 892 1275 980 atx

153 996 256 1062 libelli
287 1019 324 1062 π.
346 989 473 1080 κόσμου
503 997 693 1084 scriptorem
720 998 802 1064 talia
829 996 993 1064 cVulorii
1020 995 1114 1062 libris
1141 1015 1249 1064 excer-

152 1105 258 1190 psisse
280 1106 352 1190 qnis
374 1106 508 1174 credet?
538 1115 570 1174 ct
598 1126 736 1191 quonam
764 1106 859 1174 modo
882 1107 923 1172 ab
946 1105 1042 1173 huius
1064 1104 1172 1172 uerbis
1193 1104 1248 1188 „in

152 1216 292 1300 clipeo
310 1215 451 1302 effigiem
473 1237 564 1284 snam
584 1215 773 1284 inclusit“
806 1216 954 1303 pleniora
984 1221 1015 1282 et
1048 1213 1249 1282 accuratiora

153 1322 195 1389 ἓν
222 1323 323 1412 μέσῃ
344 1327 392 1414 τῇ
412 1320 557 1412 ταύτης
578 1316 728 1391 deoida
757 1320 797 1390 τὸ
830 1319 947 1391 ἑαυτοῦ
969 1318 1155 1408 πρόσωπον
1187 1319 1250 1388 ἐν·

151 1427 438 1500 τυπώσασθαι
459 1434 513 1500 καὶ
541 1435 695 1522 συνδῆσαι
724 1438 772 1522 τῷ
798 1427 958 1520 ἀγάλματι
983 1429 1037 1501 διό
1058 1459 1147 1514 τινος
1167 1420 1281 1523 ripa?

151 1545 227 1621 νοῦς
247 1542 456 1630 δημιουργίας
479 1545 571 1611 illum
588 1563 660 1613 csse
680 1552 857 1613 mutuatum
880 1545 1050 1613 censebis?
1073 1553 1171 1630 abque
1195 1565 1247 1612 ea·

154 1651 227 1719 dem
250 1652 389 1720 dicenda
410 1652 450 1719 de
462 1653 610 1740 Ampelio
632 1661 714 1722 sunt.
736 1673 811 1720 nam
833 1655 909 1721 lieet
930 1655 1151 1741 Engelmanno
1173 1673 1247 1722 cou-

155 1762 317 1845 cedamus,
339 1783 379 1830 ca
399 1784 435 1830 re
455 1763 541 1848 quod
551 1764 700 1832 Valerius
721 1765 762 1832 dc
783 1765 930 1850 Phidiae,
952 1764 993 1831 de
1014 1764 1154 1830 Daedali
1175 1761 1243 1830 cid-

150 1873 233 1956 gie⁹
252 1872 417 1959 Ampelius
439 1873 615 1959 scripserit,
647 1874 732 1941 hnnc
762 1874 861 1941 alium
891 1873 1050 1958 quendam
1085 1881 1247 1940 auctorem

150 1989 295 2049 secutum
315 2001 387 2050 csse
408 2001 472 2049 non
494 1983 618 2050 eninci:
646 1983 806 2051 cuincitnr
827 2003 865 2051 oo
887 1982 982 2067 quod,
1015 2001 1098 2066 qnae
1120 1989 1247 2048 antece·

153 2091 235 2159 dunt
254 2099 287 2159 et
308 2099 466 2177 secuntur,
499 2091 586 2178 apud
605 2092 770 2159 Valerium
801 2112 866 2159 non
898 2092 1055 2178 leguntur.
1098 2111 1138 2157 ao
1170 2097 1245 2158 sunt

150 2201 295 2286 proiecto
316 2221 355 2267 ea
372 2201 576 2287 grauissima.
630 2202 759 2270 etiamsi
784 2201 871 2268 enim
889 2201 955 2270 alio
976 2201 1160 2270 testimonio
1180 2219 1244 2267 non

150 2309 385 2391 confirmantur,
413 2310 583 2377 uerissime
606 2318 714 2378 tamon
740 2311 850 2392 „cuius
871 2309 914 2376 ad
935 2310 1101 2379 sinistram
1123 2310 1246 2395 clipeus

151 2420 319 2507 appositus
343 2439 438 2503 quem
459 2419 563 2504 digito
585 2420 709 2505 tangit“
743 2420 785 2486 ab
806 2418 956 2506 Ampelio
989 2420 1078 2487 dicta
1100 2438 1172 2486 esse
1206 2437 1247 2486 ex

150 2529 231 2597 artis
246 2530 459 2596 monumentis
475 2549 560 2596 nunc
571 2538 766 2616 compertum
785 2529 940 2597 habemns
954 2532 988 2615 ¹⁰,
1009 2531 1150 2613 itemque
1165 2545 1247 2611 quae

150 2639 190 2706 de
211 2638 292 2706 deae
313 2638 408 2706 hasta
430 2638 566 2707 tradidit
585 2659 736 2725 magnam
756 2640 826 2707 ueri
847 2639 988 2726 speciem
1009 2639 1128 2705 habere
1140 2638 1247 2705 Wust·

253 2840 324 2898 eol.
342 2841 376 2899 F.
393 2841 505 2898 Adam.
524 2842 559 2899 de
577 2848 690 2900 anctore
707 2843 774 2900 libri
789 2861 831 2914 ps.
850 2845 959 2900 adstet.
977 2845 1040 2912 περὶ
1057 2836 1172 2914 κόσμου.
1192 2839 1245 2897 Βο-

147 2936 199 2992 rol.
219 2936 296 2994 1861.
333 2936 362 2993 G.
383 2937 633 2995 Muellenhofi.
651 2938 789 2996 Deutache
806 2938 989 2996 Altertumsk.
1006 2936 1021 2990 1
1038 2938 1129 3008 pdld
1147 2955 1188 3008 sq.

249 3033 266 3088 9
283 3033 398 3106 Meduli
415 3049 516 3090 nomen
534 3035 558 3090 oi
574 3036 635 3104 quis
654 3035 690 3092 ab
702 3034 830 3108 Ampelio
848 3033 963 3090 Phidiae
980 3034 1042 3090 loco
1059 3033 1242 3090 substitutum

150 3146 209 3186 essa
227 3130 383 3200 contendat,
401 3147 458 3186 non
475 3131 646 3204 reiragcbor.
665 3135 727 3203 quis
745 3132 819 3187 enim
836 3132 932 3201 ncooit,
950 3135 982 3186 ut
994 3129 1107 3186 Daedali
1125 3132 1166 3186 ita
1183 3130 1248 3186 Phi·

148 3227 211 3282 diae
229 3244 329 3283 nomon
346 3232 473 3300 posteris,
500 3247 563 3286 cum
589 3229 624 3285 de
640 3231 699 3284 eius
715 3246 834 3300 persona
851 3233 880 3284 et
896 3229 957 3284 nita
976 3227 1119 3283 nihilium
1140 3231 1247 3283 consta·

147 3327 200 3392 rat,
218 3352 251 3363 -
273 3341 305 3380 ac
323 3325 395 3380 mira
413 3343 478 3382 sano
498 3330 566 3382 tunc
583 3326 719 3396 temporie
737 3324 772 3381 do
789 3343 821 3382 oo
840 3323 1046 3381 fabulabantur.
1064 3321 1099 3379 cf.
1119 3322 1245 3379 Ouerb.

147 3417 295 3490 schriftqn.
314 3439 341 3476 n.
362 3421 414 3479 739
433 3427 461 3478 ct
480 3422 617 3479 Cocmac
634 3440 732 3479 comm.
744 3423 774 3478 in
786 3421 869 3493 (drag.
880 3421 947 3476 Noa.
966 3437 1051 3477 carm
1064 3419 1151 3474 cxlx
1171 3417 1246 3490 apud

147 3515 213 3571 Mai.
232 3517 357 3589 spicileg.
382 3535 450 3572 rom.
468 3519 495 3573 Il
512 3537 541 3590 p.
560 3520 612 3574 263
630 3519 669 3575 in.
690 3551 720 3562 -
740 3536 796 3575 non
826 3518 947 3574 noluisse
975 3517 1027 3572 nisi
1052 3532 1190 3571 nummum
1216 3517 1246 3571 at

150 3612 353 3682 propemodum
370 3613 497 3670 diuinum
514 3613 668 3672 artificem?
699 3615 734 3672 ol.
753 3613 929 3687 (Meuand.)
954 3633 984 3668 π.
1004 3612 1135 3667 laedam.
1151 3610 1245 3683 (libet.

149 3708 249 3766 Galil
267 3729 295 3781 p.
314 3712 375 3780 445,
396 3713 429 3766 15
446 3729 486 3784 sq.
505 3709 562 3784 Sp.)
580 3713 628 3768 lul
651 3707 755 3772 τούτοις
771 3707 920 3786 ἐκφράσεις
936 3707 968 3766 τὸ
984 3703 1097 3780 ἄγαλμα
1114 3709 1162 3763 τοῦ
1179 3707 1247 3764 θεοῦ

146 3801 330 3878 παραβάλλων
352 3809 391 3879 uqi
409 3803 550 3881 Ὀλυμπίῳ
576 3810 628 3864 Aci·
641 3812 689 3863 acl
711 3804 814 3879 Ἀθηνᾷ
833 3809 865 3882 τῇ
882 3808 914 3862 ἔν
930 3800 1080 3880 ἀκροπόλει
1095 3805 1151 3860 τῶν
1170 3800 1247 3872 Ἀθη-

145 3907 247 3960 ναίων·
266 3899 446 3972 chalcidas,
463 3909 568 3964 ποῖος
581 3904 729 3965 Φειδίας
745 3909 845 3964 ποῖος
857 3902 1033 3960 Δαίδαλος
1051 3901 1174 3955 τοιοῦτον
1185 3900 1245 3968 loq-

145 3995 296 4075 μιοὺργηοε
314 3996 431 4068 tecvm,-

248 4099 282 4152 10
307 4096 344 4154 cf.
379 4096 567 4153 Ouerbeck.
595 4096 693 4154 (doech.
722 4097 749 4152 d.
776 4113 819 4167 gr.
846 4093 992 4152 Plost¹l
1017 4113 1044 4165 p.
1063 4095 1125 4164 225,
1146 4092 1178 4146 13
1203 4108 1244 4161 sq.

146 4187 518 4250 &Mueller-schoah.
542 4193 617 4251 arch.
645 4193 748 4264 Micclg.
780 4211 808 4263 p.
826 4193 870 4263 69,
892 4194 925 4247 12
950 4208 1009 4263 sqq.
1036 4190 1172 4260 taem.
1210 4186 1244 4244 Δ.

149 4291 271 4347 Oonze.
289 4289 336 4346 dic
358 4291 561 4346 Athenastatue
577 4291 626 4345 deo
643 4290 757 4345 Phidias
776 4289 866 4359 (Halle
886 4287 966 4359 1867)
984 4305 1011 4359 p.
1020 4289 1046 4356 6,
1065 4288 1098 4340 15
1115 4301 1175 4355 sqq.
