3010 4904
776 309 827 398 32.

250 520 305 603 qui
335 517 478 586 eiusdem
497 519 625 603 generis
655 523 765 584 extant
796 517 923 584 lihehis
949 517 984 584 in
1014 497 1156 586 medium
1187 515 1341 602 proferre,

250 628 308 695 sed
329 628 387 694 ille
409 629 560 711 quoniam
583 635 638 694 aut
660 625 837 692 omittenda
869 634 925 692 eut
946 627 1077 713 copiose
1099 625 1270 693 tracones
1290 646 1345 691 ne·

250 756 311 819 que
331 737 426 804 huius
451 737 515 803 loci
536 743 617 816 sunt,
638 736 697 801 elii
718 735 854 820 tempori
875 737 1056 819 relinquere
1077 742 1231 822 praestat.

777 1431 820 1494 II.

291 1627 344 1694 Ile
367 1628 533 1696 Philonis
555 1629 637 1716 Byz.
658 1630 736 1712 περὶ
753 1632 820 1694 τῶν
841 1625 926 1695 ἑπτὰ
947 1624 1128 1712 θεαμάτων
1152 1627 1291 1696 libello.

348 1829 509 1896 Libellum
536 1855 573 1898 n.
594 1854 622 1897 τ.
644 1825 729 1896 ἑπτὰ
756 1825 935 1914 θεαμάτων
960 1852 980 1897 a
1001 1832 1187 1898 mechanico
1209 1828 1344 1897 secundi

250 1938 320 2019 (eut
344 1939 374 2005 si
393 1938 612 2005 Heusinm¹
645 1939 790 2021 sequeris
805 1938 906 2023 tertii)
932 1959 960 2004 e.
976 1937 1049 2004 chr.
1066 1960 1096 2004 11.
1119 1939 1242 2006 saeculi
1262 1938 1345 2004 cele·

250 2047 388 2114 herrimo
421 2048 576 2133 scriptum
612 2059 699 2133 esse,
732 2055 902 2134 postquam
941 2048 1064 2134 primus
1098 2047 1344 2137 Febricius²

250 2157 392 2243 negauit,
424 2178 517 2225 nemo
552 2158 661 2242 quoad
692 2157 795 2224 sciam
827 2165 940 2225 contra
969 2157 1140 2224 adfirmare
1162 2175 1258 2224 ausus
1283 2163 1342 2222 est

250 2266 309 2332 sed
329 2267 402 2350 quis
422 2267 553 2334 tandem
573 2267 671 2333 l'uerit
693 2265 787 2332 Philo
809 2267 865 2333 ille
887 2269 990 2349 quoue
1019 2267 1148 2333 saeculo
1178 2263 1344 2350 scripserit

249 2377 421 2444 nemodum
440 2397 498 2462 pro
521 2385 607 2443 certo
627 2375 726 2442 dixit:
748 2376 826 2458 quin
848 2376 945 2442 etiem
967 2376 1082 2442 incerti
1102 2374 1234 2459 quidam
1255 2365 1344 2439 fuere

251 2492 367 2552 antone
389 2507 431 2552 an
452 2494 527 2572 post
547 2486 686 2570 Augusti
709 2493 848 2551 oetatem
875 2485 999 2552 uixisse
1029 2505 1103 2552 eum
1136 2485 1343 2552 carcereum.

352 2697 364 2748 1
396 2693 431 2748 cf.
449 2693 547 2748 Ersch.
564 2698 592 2748 et
610 2693 728 2749 Gruber.
748 2695 850 2764 encycl.
869 2693 909 2748 Ill
928 2674 984 2748 uol.
998 2695 1032 2750 23
1051 2711 1079 2764 p.
1091 2694 1144 2748 428
1163 2709 1203 2762 sq.
1222 2717 1254 2730 -
1274 2706 1344 2762 quae

249 2791 345 2842 tamen
363 2791 527 2858 argumenta
545 2789 664 2858 protulit
682 2807 709 2843 u.
727 2790 761 2844 cl.
791 2807 823 2844 ee
851 2789 920 2844 mihi
947 2789 1057 2859 quidem
1086 2806 1143 2844 non
1169 2788 1237 2843 satis
1268 2792 1345 2843 certe

250 2883 390 2940 uidentur.
1251 2917 1253 2920 -

251 3041 272 3066 ,Ι
349 2983 366 3034 2
395 2981 429 3036 cf.
449 2981 520 3036 Bibl.
543 2981 589 3036 Gr.
609 2982 664 3036 nol.
682 2979 720 3034 lv
739 2999 766 3051 p.
778 2983 830 3035 233
851 2981 889 3034 in.
908 2979 984 3034 Harl.
1006 3002 1053 3030 ι-
1075 2997 1091 3060 a
1109 2981 1226 3035 Philone
1236 3009 1278 3043 -‚
1299 2977 1347 3046 qui

251 3077 319 3131 mihi
341 3078 389 3131 uix
407 3095 439 3133 ac
457 3097 493 3132 ne
511 3080 558 3132 uix
577 3077 688 3152 quidem
718 3077 832 3131 uidetur
849 3078 895 3132 ille
913 3078 1089 3148 mechanicus
1109 3108 1150 3139 -,
1181 3076 1230 3130 scd
1250 3075 1343 3146 potius

250 3173 350 3242 aliquis
369 3190 383 3228 e
403 3174 547 3228 rhetorum
564 3192 679 3230 numero
697 3191 762 3228 non
788 3173 1077 3229 contemnendae
1104 3175 1244 3237 aetatis,
1264 3171 1343 3226 Philo

251 3269 323 3324 lorte
342 3270 548 3326 Heracleotes«,
571 3269 574 3286 '
1314 3297 1316 3304 ι

351 3370 367 3420 3
396 3366 550 3422 Orellius
577 3367 675 3437 (prael.
694 3386 721 3436 p.
733 3367 800 3422 v111
819 3369 869 3437 sq.)
897 3367 1032 3422 edsentiri
1062 3384 1091 3421 se
1119 3365 1187 3422 dicit
1214 3363 1344 3420 Fabricio

251 3463 410 3534 adsignenti
430 3464 594 3532 opusculum
613 3464 736 3518 incertae
756 3464 856 3520 aetatis
878 3448 986 3520 rhetori
1004 3463 1049 3518 uel
1068 3462 1218 3532 sophistae.
1254 3459 1341 3514 »Nem

252 3560 363 3616 dicendi
380 3577 477 3630 genus,
500 3560 566 3614 licet
593 3577 649 3615 non
676 3560 819 3630 inelegans
845 3561 989 3630 turgidum
1018 3567 1111 3614 tamen
1128 3557 1265 3627 floresque
1281 3574 1344 3611 era·

251 3657 335 3711 tionis
354 3674 422 3726 quos
440 3657 526 3711 nimio
544 3656 638 3711 studio
656 3663 809 3726 aucupetur
828 3657 873 3712 hic
903 3658 1031 3728 scriptor,
1053 3655 1269 3710 recentioris
1294 3671 1344 3708 ee·

250 3753 339 3807 tatis
358 3754 516 3824 uestigia
535 3753 685 3823 produnt«.
705 3784 738 3793 —
757 3754 834 3808 Idem
853 3755 985 3808 iudicium
1004 3754 1108 3824 legitur
1126 3751 1201 3824 apud
1210 3751 1344 3818 Paulyum

251 3847 375 3918 (lh-Euo.
386 3847 417 3904 V.
436 3867 463 3919 p.
479 3851 558 3920 149⁷)
584 3851 631 3904 ubi
657 3855 750 3905 temen
776 3847 902 3905 additum
929 3856 973 3906 est
1000 3851 1053 3905 »cb
1079 3850 1137 3904 ihm
1166 3847 1214 3918 [so.
1233 3845 1344 3901 Philoni

250 3943 444 4016 Heracleotae]
463 3945 532 4000 oder
549 3947 639 4001 einem
658 3947 765 4001 andren
792 3949 874 4016 (etue
896 3947 959 4001 dem
978 3945 1154 4017 Byzantiner)
1178 3944 1223 3998 die
1245 3941 1344 3998 schrift

250 4042 412 4113 heisulegen
430 4043 476 4112 ist,
496 4043 566 4097 wird
584 4044 691 4097 schwer
709 4061 744 4096 zu
761 4041 905 4097 ermitteln
925 4042 1011 4097 sein«.
1024 4071 1059 4082 -
1072 4040 1177 4096 Similia
1195 4039 1343 4096 Hessius

251 4143 364 4215 scripsit
382 4144 400 4198 l.
414 4143 433 4198 l.
451 4161 478 4214 p.
490 4146 544 4199 456
561 4143 609 4198 fin.
640 4144 693 4198 »ob
712 4143 771 4199 dies
789 4145 868 4200 nicht
887 4145 964 4199 einer
982 4143 1033 4197 der
1058 4143 1161 4198 bereits
1181 4143 1342 4212 genannten

250 4240 368 4298 Philone
378 4241 426 4310 ist,
436 4257 515 4312 wege
532 4240 579 4297 ich
589 4239 669 4296 nicht
680 4258 716 4294 zu
728 4239 934 4296 entsoheideur.
948 4269 983 4280 -
1002 4238 1037 4296 of.
1051 4241 1135 4294 etiam
1148 4239 1180 4294 F.
1191 4237 1343 4296 Schoell.
