3010 4904
796 370 836 436 18

129 567 254 658 lssrggiff·
364 556 431 626 Nec
452 557 495 624 de
517 557 724 625 Ambracia
744 558 837 642 Epiri
858 558 937 623 urbe
958 577 1041 640 quae
1063 556 1105 622 ab
1126 555 1273 641 Ampelio
1293 563 1358 622 tra-

263 669 381 736 duntur
397 669 527 736 aliunde
548 677 625 735 nota
644 671 761 734 sunt²⁶.
804 667 862 734 sed
882 667 1079 752 temporibus
1106 666 1280 734 admodum
1300 687 1356 731 an·

262 781 361 862 tiquis
393 785 425 845 et
457 779 535 844 artis
568 797 700 863 operum
731 776 881 843 laudibus
914 776 1120 842 Ambraciam
1146 781 1179 841 et
1200 776 1358 842 artificum

262 889 499 972 (indigenarum
530 908 665 970 quoque.
697 886 736 952 of.
757 886 873 952 Ouerb.
908 887 1074 970 sohriftqu.
1096 909 1125 952 n.
1148 891 1218 952 339.
1239 887 1357 952 Brunn.

262 999 332 1064 Kc.
354 999 379 1081 I,
401 1019 432 1082 p.
446 995 498 1077 54)
518 995 664 1062 floruisse
687 997 740 1062 uel
764 1016 781 1061 e
802 996 889 1061 Plini
909 995 989 1061 locis
1011 995 1139 1062 abunde
1160 995 1358 1077 conspicitur

262 1107 347 1184 (NH.
368 1109 416 1190 36,
439 1111 458 1170 9
479 1113 511 1172 et
534 1109 593 1183 14).
637 1111 669 1172 at
690 1125 752 1190 quo
782 1125 901 1188 quaeso
934 1112 1077 1189 tempore
1112 1105 1192 1172 haec
1222 1111 1357 1190 possunt

262 1214 303 1280 de
325 1215 499 1280 Ambracia
517 1215 639 1299 scripta
660 1214 757 1280 esse?
787 1215 838 1293 „in
861 1215 980 1299 Epiro“
1003 1213 1134 1299 quidem
1155 1213 1242 1297 quod
1264 1212 1357 1278 addi·

262 1329 330 1390 tum
352 1331 409 1409 est,
430 1345 508 1390 caue
531 1345 571 1390 ne
594 1331 715 1390 certum
729 1325 790 1390 tibi
810 1324 925 1390 aetatis
940 1322 1097 1390 indicium
1117 1322 1358 1408 deprehendere

262 1432 414 1519 uidearis‚
436 1455 539 1517 neque
572 1435 633 1499 erit
665 1434 721 1516 qui
741 1433 926 1518 Ampeliani
958 1433 1075 1517 capitis
1097 1438 1261 1498 auctorem
1280 1431 1357 1496 Am-

262 1543 392 1608 braciae
414 1549 532 1610 statum
549 1544 654 1626 qualis
677 1549 751 1609 ante
774 1563 801 1608 a.
823 1564 854 1607 u.
877 1544 972 1606 5652⁸
996 1542 1101 1609 fuerat
1123 1542 1251 1608 nouisse
1285 1561 1356 1626 por-

263 1672 392 1718 suasum
424 1652 556 1718 habeat:
589 1659 622 1717 at
654 1659 727 1736 post
758 1651 920 1718 conditam
952 1658 1037 1718 certe
1058 1652 1242 1736 Nicopolim
1276 1651 1358 1716 tanti

262 1761 422 1826 neminem
443 1760 648 1826 Ambraciam
675 1760 792 1827 fecisse
813 1767 849 1826 ut
870 1760 910 1826 de
946 1761 1015 1827 eius
1048 1760 1194 1826 artificiis
1226 1758 1359 1826 referret

263 1870 343 1935 mihi
363 1869 495 1952 quidem
514 1871 727 1936 certissimum
748 1870 877 1936 uidetur
886 1872 921 1935 2⁷.

115 2002 155 2052 pa.
171 2003 247 2042 aear-
362 1979 431 2044 Iam
451 1979 495 2044 ad
522 1984 582 2055 53.
603 1980 708 2064 uenio,
739 1980 792 2046 oui
812 1980 919 2045 inesse
944 1980 1045 2045 multa
1076 1978 1211 2064 adparet
1240 1978 1358 2061 quibus

143 2063 172 2142 b
189 2053 242 2144 dm
262 2109 326 2154 non
348 2089 558 2173 probabiliter
590 2089 737 2155 enodatis
768 2096 836 2155 tota
856 2089 938 2155 haee
959 2089 1192 2172 argumentatio
1221 2087 1265 2152 ad
1285 2088 1357 2154 irri-

262 2203 329 2263 tum
353 2198 526 2281 redigatur.
566 2198 671 2280 Atque
693 2193 831 2281 primum
856 2199 972 2282 „Argis
994 2199 1033 2263 in
1052 2198 1197 2282 Epiro“
1219 2198 1276 2262 illa
1297 2197 1357 2262 mi-

262 2308 373 2372 racula
392 2307 493 2372 fuisse
516 2313 582 2371 tam
597 2285 712 2390 planis¹
723 2307 832 2373 uerbis
852 2307 973 2372 dietum
996 2306 1088 2372 uides
1110 2313 1154 2390 ut,
1175 2305 1252 2371 dum
1271 2325 1356 2371 erro·

262 2416 307 2482 ris
329 2417 518 2501 scriptorem
539 2392 732 2499 coargueris,
754 2415 794 2481 de
825 2417 908 2482 alius
937 2417 1078 2500 regionis
1110 2416 1181 2481 loco
1214 2415 1357 2498 cogitare

264 2543 413 2606 nequeas.
465 2529 615 2589 secuntur
655 2524 755 2589 uerba
792 2524 897 2606 „quod
937 2525 1110 2610 ippaton
1147 2522 1358 2608 appellatur“‚

262 2630 350 2697 baud
371 2631 467 2698 dubie
479 2638 648 2716 corrupta,
666 2631 728 2698 sed
753 2653 825 2698 oum
845 2654 908 2698 non
931 2633 1028 2698 talem
1043 2631 1178 2698 mendae
1198 2629 1358 2696 medelam

263 2738 390 2805 adferre
411 2740 509 2806 liceat
530 2741 619 2822 quali
640 2740 758 2806 falsum
779 2741 968 2825 scriptorem
989 2742 1096 2826 ipsum
1127 2760 1198 2806 esse
1231 2738 1356 2824 aperia-

262 2841 322 2932 tur,
343 2869 403 2913 neo
427 2848 659 2954 „hippoboton“
692 2849 907 2933 scribendum,
938 2869 1042 2933 neque
1078 2849 1206 2948 omnino
1238 2846 1359 2912 tradita

261 2957 358 3022 leotio
390 2957 479 3040 prius
501 2957 656 3022 mutanda
688 2963 746 3037 est,
779 2978 875 3040 quam
906 2956 947 3023 de
979 2978 1042 3041 quo
1064 2960 1135 3024 loco
1166 2957 1220 3022 hio
1242 2961 1357 3040 agatur

261 3064 435 3132 babeamus
456 3072 661 3150 compertum.
714 3067 846 3132 Praeter
867 3067 1082 3152 Peloponnesi
1102 3067 1215 3132 urbem
1246 3065 1358 3147 magni

262 3315 325 3352 cum
343 3297 426 3352 Panis
444 3299 585 3352 mentione
605 3301 681 3354 reeta
710 3299 868 3369 composuit
886 3297 1029 3354 Plutarchi
1056 3297 1186 3352 fabellam
1213 3297 1293 3368 (Sull.
1311 3297 1358 3367 27)

262 3395 450 3450 Tasohuokius
468 3395 498 3448 iu
516 3394 579 3449 adn.
598 3394 635 3447 ad
653 3395 679 3450 h.
699 3395 716 3450 l.

294 3542 299 3550 .
361 3493 395 3546 25
423 3491 458 3546 de
486 3491 591 3546 incluta
615 3491 747 3544 Zeuxidic
776 3490 881 3545 Helena
907 3489 1029 3560 cogitari
1058 3489 1135 3544 nullo
1164 3490 1247 3545 modo
1275 3479 1362 3560 posse'

263 3591 391 3656 apertum
410 3593 461 3643 est.
496 3605 578 3657 quarn
607 3587 732 3642 tabulam
759 3587 900 3656 aPyrrho
922 3587 1100 3642 Ambraciam
1126 3586 1273 3641 adnectam
1297 3602 1359 3640 esse

263 3700 279 3738 e
296 3683 371 3738 Plini
388 3686 450 3740 loeo
468 3685 537 3752 (NH.
558 3687 601 3751 35,
621 3684 664 3754 66)
690 3700 747 3738 non
765 3683 885 3738 efficitur
914 3683 960 3753 (ol.
978 3682 1097 3738 Urlichs.
1116 3683 1264 3738 chrestom.
1284 3681 1356 3736 Plin.

262 3798 289 3851 p.
309 3780 380 3850 350).

363 3877 397 3932 ao
422 3877 457 3932 er.
476 3877 536 3933 un.
550 3855 603 3942 'oa‘
618 3879 642 3932 a.
665 3881 707 3933 ro.
726 3878 772 3948 (cr.
794 3895 817 3933 ο.
834 3879 877 3945 aa,
895 3878 992 3942 o-lr,
1012 3878 1049 3947 5).
1085 3875 1182 3945 Polyb.
1201 3877 1246 3945 ar,
1265 3877 1308 3931 oo.
1328 3875 1356 3929 o.

263 3971 298 4027 cf.
317 3971 388 4028 Plin.
407 3975 449 4036 36,
466 3974 510 4029 66.

363 4071 398 4123 27
424 4069 459 4125 cl.
479 4070 595 4125 Strab.
613 4087 641 4140 p.
655 4071 716 4126 325.
731 4073 792 4127 327.
812 4065 934 4142 εὖᾶνδρει
946 4069 1005 4139 -ἦ
1016 4064 1238 4142 -”Ηπειρος··.
1256 4069 1306 4124 νῦν
1324 4068 1358 4122 dd

139 4231 144 4244 ⁶
263 4161 296 4220 τὰ
314 4163 401 4220 πολλὰ
418 4167 473 4238 μὲν
491 4167 590 4238 ἐρημία
610 4170 727 4238 κατέχει,
745 4163 777 4220 τὰ
802 4167 829 4219 d’
853 4162 1001 4239 οἰκούμενα
1024 4164 1157 4239 κωμηδὸν
1175 4170 1221 4222 καὶ
1238 4166 1269 4220 ἐν
1286 4165 1356 4236 ἔρει-

263 4269 336 4322 πίοις
353 4265 480 4316 λείπεται.
497 4280 524 4334 p.
535 4263 597 4317 450.
624 4262 704 4316 Paua.
715 4262 748 4318 V.
766 4264 810 4318 23.
830 4265 857 4318 3.
