3010 4904
698 389 735 448 13

167 570 376 638 dubitationis
395 577 446 638 sat
466 573 600 637 multum
621 571 741 638 habere
762 577 860 656 patet,
882 591 955 637 euru
982 570 1017 636 in
1039 567 1152 636 eodiee
1172 567 1259 652 lega-

163 687 214 746 tur
230 681 382 760 ,eolossi‘
399 701 535 764 eumque
549 680 687 766 Lysippi
702 682 830 766 signum
845 681 1037 748 eolossioum
1050 678 1153 744 fuisse
1167 698 1260 746 nemo

163 788 342 856 tradiderit.
389 789 449 856 sed
470 790 560 873 nihil,
583 791 706 875 opinor,
727 791 779 856 his
801 790 909 856 uerbis
932 789 974 856 de
997 790 1122 856 eolosso
1142 788 1259 872 Ampe·

164 897 236 982 lius,
258 897 317 965 sed
340 898 380 964 de
402 898 541 984 Lysippi
571 905 678 966 statua
700 899 828 966 dixerat
853 900 937 966 inter
958 904 1083 984 septem
1103 898 1261 965 miraeula

164 1027 327 1091 nunquam
339 1016 514 1094 numerata,
535 1015 649 1094 postea
661 1009 854 1092 nescioquis
865 1009 974 1076 uerbis
989 1008 1114 1088 „Rhodi
1132 1009 1260 1093 signum

164 1117 267 1184 Solis¹⁴
292 1117 446 1204 deeeptus
468 1119 509 1186 de
531 1120 656 1186 oolosso
677 1120 732 1204 agi
754 1120 978 1186 arbitrabatur.
1009 1117 1114 1196 Quam
1133 1125 1259 1186 senten-

163 1225 243 1292 tiam
263 1228 466 1312 paragrapho
481 1229 630 1313 proxima
643 1230 774 1314 egregie
789 1229 970 1296 eonlirmari
983 1234 1071 1313 puto,
1086 1229 1142 1296 ubi
1157 1249 1259 1312 aeque

162 1339 258 1418 atque
285 1335 320 1402 in
351 1335 462 1403 ordine
483 1338 683 1406 Varroniano
709 1338 819 1404 Iouem
840 1337 1067 1423 Olympiorum
1093 1336 1259 1404 Rhodiaoo

160 1441 248 1510 Solis
268 1443 362 1528 signo
382 1445 577 1532 adiunntum,
600 1445 658 1514 sed
674 1445 775 1533 prri
796 1447 888 1513 illum
905 1447 1105 1530 ineptissime
1119 1446 1259 1531 positum

162 1554 381 1637 eognouimus.
426 1555 551 1622 duobus
572 1556 672 1640 igitur
703 1556 755 1624 his
777 1556 857 1622 loeis
889 1558 977 1633 (nam
999 1555 1039 1621 de
1069 1557 1090 1636 ξ
1114 1558 1153 1620 18
1174 1554 1261 1624 inira

163 1661 283 1744 diuam)
305 1662 384 1730 ordo
406 1664 634 1731 miraculorum
655 1665 874 1732 Varronianus
895 1685 960 1731 non
981 1665 1176 1749 interruptus
1198 1669 1258 1740 est,

162 1771 222 1838 sed
243 1792 326 1856 quae
348 1773 383 1839 in
403 1794 441 1840 eo
465 1781 497 1840 et
517 1775 680 1841 mirabilia
700 1775 801 1842 fuisse
830 1781 1076 1842 commemorata
1105 1780 1137 1840 et
1158 1773 1259 1840 uerba

161 1879 310 1968 adhibita
327 1901 368 1948 ex
390 1882 474 1968 Hyg.
496 1883 561 1950 fab.
585 1886 655 1969 223,
678 1905 696 1950 e
717 1885 792 1951 Vibi
821 1884 895 1969 Seq.
921 1882 1111 1969 appendite,
1138 1904 1156 1950 e
1179 1882 1257 1950 Oas-

162 1988 285 2057 siodori
314 1991 386 2058 loeo
418 1992 644 2077 intellegimus,
673 2014 718 2060 ea
751 2014 833 2060 eum
871 1993 1131 2060 alienissimis
1162 1993 1257 2061 miro

162 2099 272 2165 modo
293 2101 489 2184 permixta
510 2109 605 2168 sunt.
1007 2174 1010 2182 ,

261 2209 331 2276 Iam
352 2210 535 2278 memineris
557 2211 664 2290 uelim,
677 2209 718 2277 de
739 2217 897 2277 terrarum
918 2210 1031 2278 ordine
1051 2211 1087 2276 in
1103 2210 1416 2316 mirabili-3350&

163 2317 223 2384 bus
245 2318 325 2384 loeis
345 2320 561 2404 operibusque
593 2322 782 2388 enarrandis
803 2341 929 2406 semper
962 2321 1004 2386 ab
1024 2320 1173 2406 Ampelio
1195 2341 1259 2388 ser-

163 2433 239 2494 uato
262 2448 333 2495 eum
356 2449 454 2513 supra
474 2449 675 2515 exponerem,
690 2430 894 2497 interiectum
917 2451 968 2496 me
992 2429 1155 2498 monuisse
1176 2429 1261 2496 inter

162 2535 280 2603 Asiae
301 2537 434 2605 minoris
457 2545 490 2604 et
510 2538 679 2625 Aegypti
707 2539 872 2606 mirabilia
899 2539 984 2606 hune
1005 2559 1077 2606 esse
1099 2539 1139 2605 de
1161 2538 1257 2605 mira-

167 2645 247 2712 hulis
269 2647 479 2714 Varronianis
501 2648 804 2714 eommentariolum.
840 2648 907 2715 Sed
927 2669 1045 2733 magno
1067 2668 1144 2716 sane
1162 2648 1260 2714 inter·

164 2755 250 2822 uallo
277 2756 319 2822 ab
340 2756 439 2822 Asiae
468 2777 549 2840 quos
570 2756 738 2842 Ampelius
768 2757 959 2824 memorauit
988 2756 1069 2824 loeis
1090 2757 1259 2842 Aegyptus

162 2862 349 2948 seiungitur,
383 2872 578 2950 quapropter
604 2887 668 2934 non
700 2866 770 2932 sine
802 2885 900 2932 eausa
932 2871 1086 2949 tanquam
1106 2864 1141 2931 in
1162 2866 1258 2950 longo

161 2971 278 3038 itinere
299 2974 454 3040 stationes
487 2974 611 3058 aliquot
642 2975 841 3042 intermissas
877 2974 1126 3059 eireumspieies.
1179 2994 1259 3058 quas
1359 2957 1361 2963 ’

161 3087 269 3148 autem
297 3075 446 3166 requiris,
481 3103 540 3150 eae
572 3083 691 3150 adsunt
712 3090 808 3168 atque
841 3084 875 3150 in
907 3083 981 3168 ipsa
1012 3084 1143 3167 quidem
1163 3103 1260 3168 quam

162 3189 370 3259 Woelfflinus
391 3193 526 3276 agnouit
548 3192 717 3260 interiecta
737 3194 859 3260 minore
880 3199 982 3278 parte.
1016 3192 1152 3277 Rhodi,
1174 3214 1258 3277 quae

161 3299 309 3384 proxima
340 3300 439 3368 Asiae
470 3302 558 3369 litori
590 3299 697 3369 insula
729 3309 787 3386 est,
820 3302 906 3370 Solis
939 3301 1098 3387 quadriga
1119 3301 1257 3388 Lysippi

162 3425 242 3492 opus
264 3408 392 3492 insigne
415 3410 584 3495 eminebat,
607 3409 754 3496 Cyprio
782 3410 902 3478 deinde
922 3411 1011 3477 Iouis
1033 3411 1127 3496 signo
1149 3412 1259 3480 neseio

148 3538 226 3605 ¹quo
236 3520 261 3560 ¹⁸
276 3526 521 3586 eommemorato
532 3520 573 3586 de
579 3521 722 3606 Aegypti
733 3520 898 3587 miraoulis
910 3521 1048 3605 seriptor
1061 3521 1186 3587 loeutus
1202 3527 1259 3587 est.

261 3626 351 3706 Quae
366 3627 475 3694 omnia
489 3629 518 3695 si
533 3629 742 3714 reputeueris,
753 3628 848 3696 aliter
863 3629 1110 3697 aeWoelfflinus
1125 3649 1260 3716 meeum,
1283 3642 1408 3745 deffl-

1295 3755 1310 3788 0
1372 3753 1394 3787 Θ.

263 3819 295 3874 18
322 3818 399 3874 nulls
417 3820 491 3876 enim
510 3826 654 3878 causaest
681 3839 732 3878 eur
757 3822 792 3876 ds
819 3822 894 3877 Iouis
923 3821 1003 3894 signo
1030 3820 1113 3892 Cypri
1140 3823 1260 3880 maxims
1310 3745 1372 3796 “⁸¹¹¹

162 3913 365 3970 nobilitato-
385 3918 660 3974 fortasseetiamds
688 3919 802 3989 templo,
828 3936 892 3973 nam
919 3917 955 3973 sd
983 3918 1080 3974 aedem
1110 3918 1258 3990 quandam,

161 4027 214 4067 nee
232 4011 269 4067 ad
286 4013 466 4070 simulacrum
485 4015 534 4085 qui
552 4019 684 4072 seountur
702 4015 812 4070 numeri
830 4014 971 4085 pertinere
990 4015 1122 4071 uidentur
1141 4045 1173 4058 -
1192 4019 1257 4070 Arn-

161 4107 264 4178 pslium
290 4108 345 4165 hoo
372 4111 437 4168 loeo
464 4110 568 4167 dixisse
596 4128 739 4184 negemus,
769 4112 900 4181 quoniam
925 4116 1039 4182 praeter
1064 4113 1201 4168 Venerem
1227 4113 1257 4168 in

162 4220 270 4259 summo
289 4204 366 4276 apud
381 4205 499 4277 Cyprios
516 4207 623 4264 honore
640 4208 735 4264 Iouem
754 4207 840 4264 fuisso
859 4210 981 4266 mantnt.
1022 4208 1069 4279 (ot.
1086 4208 1185 4281 Engel.
1203 4208 1259 4280 Ky-

161 4317 229 4374 pros
246 4299 273 4356 11
288 4317 316 4372 p.
330 4302 382 4357 661
402 4305 473 4375 sqq.)
