3010 4904
777 273 800 353 8

240 477 314 542 'cum
335 473 490 560 proximis
519 473 683 540 cohaeret:
712 472 865 538 nimimm
895 493 1024 539 causam
1049 471 1170 540 addere
1199 459 1337 558 scriptor
1456 469 1488 538 J

241 583 352 668 uoluit,
374 604 430 650 cur
451 583 631 650 fluminis
653 583 701 648 ibi
722 583 929 650 simulacrum
951 581 1050 666 idque
1078 587 1145 648 tam
1165 581 1336 650 mirificum

242 700 336 760 esset.
383 714 480 777 quam
510 693 633 760 monuit
661 713 733 760 eam
759 693 948 778 essequod
968 692 1185 760 Alexandriae
1206 694 1228 759 i.
1250 714 1277 760 e.
1299 694 1335 759 in

242 801 391 887 Aegypto
424 803 534 868 Nilum
569 802 697 869 flumen
716 804 855 869 maxime
893 803 1042 888 colerent,
1065 802 1179 870 eodem
1209 803 1334 870 scilicet

243 910 342 986 modo
359 917 455 994 atque
475 913 610 979 Athenis
632 913 652 979 i.
675 933 701 978 e.
722 913 758 978 in
772 913 911 978 Graecia
930 913 1018 979 Iouis
1034 912 1179 998 Olympii
1199 913 1337 996 signum.

101 1029 215 1122 erfpggtgs
344 1019 466 1110 Quodsi
488 1021 529 1086 ab
551 1042 614 1088 uno
636 1019 811 1104 eodemque
833 1022 989 1106 scriptore
1011 1022 1091 1088 haec
1112 1021 1276 1110 mIrahilia
1298 1041 1337 1088 ac

16 1131 17 1136 ’
86 1133 329 1225 respons-certo
348 1150 449 1213 eoque
467 1149 529 1212 quo
548 1130 731 1215 significaui
746 1125 881 1197 consilio
893 1132 1038 1202 conlecta
1048 1150 1120 1198 esse
1135 1137 1222 1197 recte
1233 1131 1336 1216 suspi-

243 1239 308 1306 cati
329 1259 447 1323 sumus,
468 1239 504 1304 id
524 1259 619 1324 porro
641 1237 774 1305 dubium
798 1259 870 1305 esse
888 1239 1009 1323 nequit,
1021 1239 1110 1322 'quin
1129 1239 1165 1305 id
1184 1239 1337 1324 temporis

243 1348 391 1432 spatium,
412 1348 498 1414 intra
519 1349 610 1414 cuius
631 1349 711 1414 fines
738 1348 883 1431 singulas
900 1348 1099 1414 narrationes
1119 1349 1262 1414 ualuisse
1284 1369 1338 1414 ex-

243 1457 484 1542 ploranerimus,
506 1457 549 1522 ad
569 1457 675 1543 ipsam
696 1449 993 1544 παραδοξογράφου
1013 1457 1102 1554 illius
1123 1464 1262 1524 aetamm
1284 1457 1338 1523 de-

243 1565 417 1633 finiendam
438 1585 540 1648 aequo
561 1565 631 1631 iure
654 1563 802 1632 adhiberi
822 1566 934 1650 possit.
983 1573 1079 1633 antea
1107 1573 1214 1633 autem
1243 1583 1339 1650 quam

244 1675 373 1758 singula
394 1674 823 1760 accuratiuspercensemus,
844 1674 889 1741 de
912 1675 954 1756 ἐξ
979 1679 1100 1740 18-23
1122 1675 1170 1740 ad
1191 1681 1335 1742 certum

180 1813 182 1823 ’
246 1782 431 1868 quoddam
453 1790 608 1872 oportet
629 1784 1124 1869 iudicium'perucniamus.

88 1899 126 1990 gp·
143 1898 238 1990 mr,
344 1893 450 1976 Atque
481 1893 562 1958 illud
591 1893 735 1978 profecto
768 1892 854 1977 quod
880 1891 1086 1959 Woelfflinus
1119 1892 1209 1974 (dIss.
1230 1913 1261 1978 p.
1284 1891 1338 1974 46)

103 2001 223 2101 „pgr-⁸3,
246 2000 329 2067 dixit
350 2002 467 2086 capitIs
489 2001 573 2068 hanc
593 2002 786 2087 particulam
806 2002 842 2067 in
869 2001 1148 2068 unirrersum-cum
1169 2002 1252 2086 Hyg.
1274 2001 1339 2067 fab.

246 2113 307 2174 223
330 2116 361 2175 et
381 2110 457 2176 Vibi
478 2110 552 2193 Seq.
585 2109 764 2196 appendice
796 2129 981 2194 congruere,
1015 2131 1108 2176 nemo
1140 2131 1204 2176 non
1234 2111 1340 2194 potuit

245 2219 441 2302 intellegere.
482 2218 568 2306 quod
589 2225 624 2285 ut
644 2219 849 2304 perspicuum
870 2218 936 2304 fiat,
956 2219 1225 2286 Varronianum¹⁸
1246 2219 1338 2284 illum

246 2335 368 2412 septem
389 2319 501 2394 mundi
522 2328 747 2395 miraculorum
768 2327 922 2413 ordinem,
938 2329 1066 2411 qualem
1080 2334 1111 2393 et
1125 2328 1206 2394 locis
1221 2326 1339 2392 adlatis

247 2442 279 2502 et
295 2437 382 2522 apud
394 2436 622 2504 Cassiodorum
643 2438 774 2522 (uariat.
789 2438 888 2504 lVIl.
910 2437 973 2520 15.)
984 2437 1131 2521 legimus,
1142 2457 1215 2504 cum
1224 2436 1340 2519 Ampe·

246 2545 327 2612 liani
349 2547 465 2632 capitis
486 2548 595 2614 uerbis
609 2548 643 2613 in
657 2547 768 2614 tabula
782 2549 825 2632 (p.
837 2552 883 2613 10.
895 2547 946 2628 11)
957 2546 1109 2612 adiuncta
1128 2545 1339 2630 compositum

247 2675 366 2739 quaeso
388 2656 570 2741 perlustres.
606 2655 744 2741 uidebis,
759 2657 882 2741 opinor,
904 2676 969 2722 non
982 2653 1095 2720 ordine
1109 2655 1212 2720 solum
1226 2653 1340 2720 eodem

247 2762 361 2830 eadem
380 2766 537 2830 miracula
556 2765 663 2850 posita
683 2765 802 2848 ubique
825 2783 904 2848 esse,
927 2764 986 2830 scd
1006 2765 1079 2849 ipsa
1102 2782 1228 2846 quoque
1241 2763 1341 2828 uerba

246 2874 281 2938 irr
302 2874 438 2958 singulis
461 2875 699 2960 scriptiunculis
720 2875 804 2941 iuter
830 2893 902 2940 sese
922 2873 970 2938 ita
997 2874 1184 2958 plerumque
1207 2891 1341 2938 consen-

348 3043 381 3096 13
411 3041 646 3098 ›Varronianumr
673 3042 757 3098 liceat
785 3039 859 3096 hunc
890 3040 1015 3096 ordinem
1038 3039 1185 3112 adpellem,
1212 3039 1267 3094 etsi
1284 3057 1339 3094 non

246 3136 356 3193 nescius
374 3155 444 3206 sum,
460 3137 581 3192 Varroni
597 3123 734 3208 placuisse
753 3155 816 3192 enm
836 3155 852 3192 a
870 3135 949 3192 nullo
967 3137 1106 3206 scriptore
1123 3135 1258 3191 traditum
1272 3152 1341 3192 esse.

247 3233 297 3289 sed
313 3234 337 3289 si
354 3238 432 3288 rsots
450 3233 487 3288 M.
508 3233 725 3288 Schmidtius
751 3232 832 3303 (Mus.
855 3231 907 3286 Rh.
927 3231 978 3286 XX
995 3250 1023 3301 p.
1037 3231 1101 3301 298)
1123 3232 1268 3302 perspexit
1285 3231 1342 3302 lly-

247 3330 306 3402 gioi
325 3330 373 3400 qui
390 3329 496 3384 dicitur
512 3330 606 3400 capita
618 3331 760 3385 aar—223
779 3347 794 3384 e
812 3329 945 3385 Varronis
963 3327 1186 3384 hebdomadibus
1203 3328 1341 3398 originem

247 3427 369 3496 duxisse,
388 3427 483 3498 (quam
501 3427 667 3482 sententiata
685 3443 755 3496 quae
780 3425 840 3480 ueri
868 3425 966 3480 similis
992 3425 1021 3481 0.
1048 3425 1185 3480 Bursisno
1212 3425 1277 3480 uisa
1298 3429 1341 3481 est

248 3520 289 3590 (in
307 3519 482 3575 Fleckeiseni
501 3519 592 3580 annal.
605 3520 692 3576 XCIII
714 3523 783 3578 1866
800 3537 828 3590 p.
843 3521 905 3587 761)
924 3521 1010 3576 certis
1028 3520 1153 3576 arbitror
1166 3522 1340 3590 argumentis

248 3634 292 3674 me
310 3617 433 3688 prqbsre
450 3617 559 3688 posset:
579 3615 653 3672 huuc
671 3616 807 3687 ordinem,
820 3631 902 3686 quem
915 3633 997 3688 saepe
1015 3617 1046 3672 in
1058 3617 1175 3686 Latinis,
1187 3617 1217 3672 In
1226 3615 1341 3674 Graecis

248 3711 328 3766 libris
346 3729 482 3782 nusquam
501 3712 620 3781 repperi,
637 3729 694 3768 non
713 3716 858 3782 receptum
877 3711 976 3782 solum,
994 3729 1092 3766 uerum
1106 3711 1190 3766 etiam
1207 3711 1344 3766 coestibu-

248 3813 309 3864 tum
327 3825 343 3862 a
360 3806 486 3863 Varrone
506 3823 566 3862 esse
584 3823 719 3861 summam
736 3808 820 3863 habet
833 3809 1070 3878 probabilitatem.
1083 3837 1117 3848 -
1131 3807 1260 3862 Ceterum
1271 3823 1341 3876 quae

249 3904 436 3974 conferantur,
454 3920 505 3958 nec
524 3903 689 3959 refellantur
713 3904 798 3976 digna
817 3903 970 3960 Woelfflini
988 3905 1064 3975 (diss.
1083 3922 1110 3974 p.
1123 3905 1157 3958 40
1173 3903 1232 3976 iio.)
1256 3903 1343 3960 uerba

250 4005 315 4055 sunt
353 4001 502 4072 »Hyginus
531 4017 612 4070 quem
640 4006 668 4056 et
688 4000 832 4072 Ampelius
859 4019 902 4071 cp.
920 4002 986 4058 VIII
1004 4003 1067 4070 §18
1084 4017 1160 4070 seqq.
1187 4001 1343 4072 respexisse

250 4095 388 4152 uidetur«.
426 4114 508 4167 quam
527 4097 692 4153 sententiam
712 4098 756 4152 uir
774 4098 951 4154 doctissImus
978 4096 1046 4168 ipsc,
1072 4099 1180 4168 opinor,
1201 4099 1257 4153 Iam
1284 4097 1339 4167 pri·

251 4193 313 4250 dem
332 4193 438 4249 releoit.
