3010 4904
678 349 719 409 47

148 528 280 596 alterius
301 551 332 614 p.
358 528 431 594 Ohr.
453 553 483 597 n.
506 531 628 596 saeculi
655 539 746 615 parte
779 531 1008 621 bibliotheeam
1030 532 1243 617 Apollodorus

148 639 348 725 oonsoripsit.

661 753 733 819 VII.

246 857 360 923 Eidem
383 861 512 925 saeouio
545 861 674 927 exeunti
707 868 739 926 et
763 860 1100 944 Callistratum
1125 854 1245 946 ἑκφρά·

149 986 233 1029 σεων
254 967 441 1052 scriptorem
464 977 496 1035 et
525 968 877 1056 Xenophontem
908 973 1160 1057 Ephesium
1188 970 1244 1035 ad·

148 1075 333 1144 scribendos
357 1098 428 1144 esse
450 1079 639 1146 certissimis
663 1080 897 1148 demonstratur
919 1082 1124 1166 argumentis.

652 1188 736 1254 VIII.

245 1294 420 1360 Philon.
455 1295 550 1378 Byz.
581 1317 617 1359 rr.
653 1318 681 1360 τ.
712 1291 797 1360 ἐνετοὶ
826 1288 1005 1376 θεαμάτων
1038 1296 1058 1360 l.
1093 1297 1243 1380 oap.13

147 1402 350 1469 scribendum
372 1406 411 1491 τῇ
441 1403 547 1489 χέρσῳ
570 1403 825 1488 παραπλησίως·
869 1399 898 1467 n‘r'
908 1427 985 1478 ονε
1007 1403 1064 1492 τὴν
1086 1395 1245 1488 ἆρδσιμον

148 1505 231 1594 ὑπὲρ
265 1514 411 1599 κεφαλῆς
438 1503 520 1575 εἶναι
552 1511 634 1592 (οοδ.
658 1514 761 1579 Palas.
786 1513 1040 1599 παραπλησίως·
1085 1506 1164 1600 τήν
1198 1537 1244 1578 τε

147 1611 313 1704 δρόσιμον.
336 1659 376 1669 -
396 1623 425 1685 τ’
448 1642 527 1687 oorr.
549 1622 690 1705 Heron).

664 1731 722 1795 IX.

246 1811 551 1906 Aristaeneti
583 1841 673 1905 loeus
706 1840 744 1922 (i,
767 1843 785 1902 3
820 1840 1014 1924 Epistologr.
1045 1862 1092 1925 gr.
1121 1863 1152 1926 p.
1177 1847 1244 1926 135,

150 1949 417 2033 armatiorem)
440 1950 524 2014 male
548 1957 714 2032 corruptus
735 1969 794 2014 neo
810 1951 889 2014 satis
906 1949 1087 2015 intellectus
1111 1950 1158 2016 ita
1178 1950 1245 2017 fere
1368 1987 1370 1994 ·
1406 1947 1410 1956 “

148 2060 365 2127 emendandus
398 2066 447 2125 est
477 2057 533 2122 ἐπὶ
565 2057 675 2121 τοίνυν
697 2053 774 2135 τούς
795 2059 1028 2136 πεπανθέντος
1050 2051 1069 2122 ὃ
1090 2058 1166 2141 μὲν
1189 2050 1246 2124 α’ν·

148 2172 307 2255 ερριχᾶνο,
333 2160 353 2234 ὃ
375 2166 420 2233 δὲ
442 2163 508 2232 ἀπὸ
542 2169 599 2252 τῆς
629 2169 685 2252 γῆς
717 2157 836 2249 δοθεὶς
869 2162 987 2244 ἱκανῶς
1006 2158 1089 2255 δίκρᾳ
1121 2168 1180 2250 μὲν
1208 2171 1247 2257 τῇ
1273 2203 1276 2210 v

148 2280 223 2368 λαιᾷ
244 2278 398 2366 σφοδρῶς
421 2271 526 2358 εἴχετο
549 2280 609 2341 τοῦ
630 2280 746 2363 φυτοῦ,
769 2273 1007 2362 βεβληκώς
1029 2273 1103 2363 (τήν
1123 2279 1243 2362 puina?

148 2385 245 2478 αὐτὴν
256 2391 286 2473 ⁴2)
319 2389 374 2454 ἐπὶ
402 2391 469 2453 τῶν
500 2379 636 2467 κλάδων,
668 2390 707 2475 τῇ
738 2388 828 2478 δεξιᾷ
861 2387 897 2454 δὲ
929 2382 1123 2473 νοαρετρύγα,
1156 2379 1244 2453 ὃδὲ
1347 2436 1351 2443 -

148 2495 235 2562 ὑπὸ
260 2501 318 2563 τοῦ
341 2497 474 2581 δένδρον
496 2502 605 2579 χεῖρας
620 2496 720 2582 ὤρεγε
738 2500 789 2596 ,τῷ
811 2501 943 2584 γεωργῷ
965 2499 1033 2580 (aut
1052 2502 1124 2575 τοῖς
1145 2518 1244 2580 γεωρ-

148 2610 241 2693 γοῖς),
265 2602 377 2692 ὥσπερ
400 2603 612 2693 γεγηρακώς.

258 2773 261 2780 ,
679 2718 720 2782 Χ.
841 2743 846 2751 ·

253 2826 357 2911 Caput
380 2824 458 2909 περὶ
478 2819 604 2911 μνήμης
626 2826 698 2906 (Rh.
721 2826 810 2892 Gal
842 2848 873 2909 p.
897 2831 956 2891 312
981 2846 1064 2909 sqq..
1083 2825 1150 2911 Sp.)
1183 2825 1244 2891 etsi

150 2935 252 3020 ipsius
274 2935 355 3001 artis
377 2954 453 3019 pars
474 2942 559 3000 eerto
583 2955 647 3001 non
670 2936 741 3012 fuit,
771 2943 879 3001 tamen
900 2955 956 3001 eur
981 2955 1001 2999 a
1024 2934 1139 3001 Cassio
1161 2934 1244 2999 Lon-

148 3045 225 3128 gino
250 3043 451 3109 abiudioetur
474 3064 572 3110 eausa
593 3046 683 3111 nulla
704 3053 762 3111 est.
794 3052 904 3111 eontra
925 3043 1004 3125 περὶ
1025 3037 1133 3126 ὕψους
1153 3044 1244 3109 libel·

149 3153 199 3218 lus
223 3161 297 3237 post
315 3153 509 3238 Vespasiani
532 3162 676 3239 tempora
698 3154 892 3239 compositus
915 3173 987 3219 esse
1010 3152 1130 3235 nequit.

667 3265 724 3329 XI.

252 3372 412 3457 Dialogus
431 3372 571 3454 Ἔρωτες
600 3373 773 3458 inscriptus
802 3393 861 3438 neo
892 3371 1029 3437 Luoiani
1062 3377 1111 3436 est
1142 3389 1245 3453 neque

150 3480 323 3564 quidquam
345 3502 407 3565 quo
426 3484 479 3548 uel
499 3482 617 3548 reotius
641 3482 681 3548 de
703 3481 882 3547 Praxitelia
906 3480 1042 3547 Veneris
1065 3486 1172 3546 statua
1192 3478 1245 3544 uel

149 3592 332 3658 aeonratius
354 3591 555 3658 existimetur
578 3590 729 3674 impertit.

658 3698 733 3763 XII.

252 3811 290 3874 In
303 3807 483 3894 gymnasiis
503 3807 559 3890 qui
582 3805 707 3871 docturi
726 3813 809 3885 sunt,
832 3805 912 3892 eilin
934 3805 1048 3889 artis,
1072 3801 1244 3890 praeeipue

150 3917 353 4001 Graecorum,
377 3915 561 4002 cognitione
582 3919 708 4000 oportet
729 3915 850 3978 uersati
872 3913 955 3994 sint;
993 3921 1162 3998 separatae
1189 3933 1244 3979 an-

56 4087 62 4098 .
148 4034 213 4094 tem
238 4027 378 4107 scholae,
415 4028 530 4112 quibus
553 4026 633 4093 artis
656 4026 708 4092 uel
730 4023 868 4090 historia
889 4022 1035 4089 tradatur
1065 4023 1119 4088 uel
1145 4041 1244 4106 opera
1365 4073 1372 4086 .

147 4135 352 4220 explicentur
374 4137 590 4204 instituendae
613 4156 677 4201 non
701 4142 783 4200 sunt.
