3010 4904
682 369 720 433 41

154 562 219 628 mia
241 561 354 628 eadem
375 561 500 627 ratione
537 557 734 626 conformata
766 557 911 642 pluribus
942 556 1069 623 uidebis
1100 553 1249 638 μελέταις

155 671 345 738 antecedere
367 675 399 753 ¹⁶,
437 670 494 736 scd
535 669 583 735 eis
622 687 704 752 quae
735 667 870 734 eandem
907 669 974 734 sere
1012 667 1107 732 citati
1141 666 1248 731 hiatus

154 781 311 846 rationem
340 786 515 865 praestant.
566 786 598 845 et
635 777 719 843 inter
753 779 827 844 illas
864 777 947 843 duco
983 784 1057 842 sunt
1093 797 1113 842 a
1150 774 1247 840 Oho·

155 891 265 956 ricio
302 891 440 974 scriptae
465 882 657 971 Πάτροκλος
694 892 737 972 (p.
761 891 802 952 80
833 906 902 970 sqq.
926 913 967 942 --·
988 884 1114 952 Ohoric.
1136 905 1167 969 p.
1187 887 1246 948 239

155 1022 224 1084 sqq.
268 1000 384 1081 Boias.)
427 1007 459 1065 et
500 992 723 1076 Παιδοκτόνος
766 999 817 1084 (p.
836 1001 905 1080 ⁸‘lli
943 1016 1012 1081 sqq.
1046 1021 1087 1050 =
1120 993 1245 1059 Ohorio.

156 1133 186 1196 p.
205 1115 265 1176 205
288 1107 380 1193 sqq).
424 1107 492 1173 Iam
515 1117 638 1175 ceteras
658 1127 778 1193 omnes,
804 1108 919 1190 quibus
942 1105 1028 1172 idem
1049 1105 1247 1188 prooemium
1290 1117 1291 1120 ’

156 1219 331 1302 eademque
353 1218 486 1303 propria
509 1218 613 1284 estin
635 1217 864 1303 componendis
885 1215 1052 1282 uocabulis
1074 1213 1247 1293 accuratio,

156 1329 282 1395 etiarnsi
304 1328 461 1407 Choricio,
486 1328 587 1393 donoc
609 1328 675 1394 alia
707 1326 761 1392 uel
790 1327 976 1392 testimonia
1007 1324 1164 1392 accedunt
1195 1324 1248 1389 uel

155 1446 351 1522 argumenta,
375 1436 560 1502 adtribuere
583 1435 731 1520 equidem
764 1454 829 1499 non
853 1435 977 1500 ausim:
1009 1433 1045 1499 id
1067 1443 1174 1499 tamen
1194 1452 1248 1497 ne·

154 1547 225 1632 gari
247 1565 310 1612 non
333 1565 428 1630 posse
460 1544 584 1611 confido
618 1565 667 1610 ex
700 1543 836 1610 eadem
870 1563 1007 1610 omnes
1043 1526 1256 1607 rhetorum

154 1656 296 1722 schola
319 1654 807 1738 eaqueouiuspartioeps
824 1652 1048 1719 Ohorioius
1065 1659 1247 1735 eratpro-

154 1767 295 1832 lectas
316 1785 415 1831 esse.
463 1764 594 1846 quaesi
615 1783 691 1830 uere
713 1765 864 1829 conclusa
884 1771 964 1838 sunt,
997 1762 1085 1848 apud
1106 1760 1247 1827 Chorieii

155 1867 305 1957 aequales
325 1874 493 1956 sociosque
515 1872 599 1938 idern
622 1872 662 1938 de
685 1873 776 1938 hiatu
797 1865 1002 1958 pracceptum
1026 1871 1169 1938 ualuisse
1192 1891 1247 1936 ne-

155 2003 243 2051 cesse
256 1990 316 2050 est.
349 2003 408 2048 neo
422 2003 474 2048 me
487 1983 659 2049 frustratur
681 1984 799 2068 opinio.
831 2003 934 2066 neque
955 1983 1039 2049 enim
1055 1982 1150 2048 aliter
1165 1981 1248 2047 Gho-

155 2095 226 2161 rioii
249 2093 438 2178 magistrum
458 2093 630 2177 scripsisse
655 2093 796 2177 reperies
821 2092 983 2158 Gazaeum
1004 2075 1248 2177 Procopium

154 2223 258 2287 neque
280 2201 486 2268 Aeneamll
528 2221 588 2268 neo
610 2200 758 2283 denique,
795 2202 880 2284 quod
914 2203 1012 2268 miror
1042 2202 1246 2281 Heroherum,
1273 2251 1277 2262 ,

157 2313 260 2378 uirum
282 2309 608 2396 perspicacissimum,
639 2331 702 2376 non
726 2311 817 2377 satis·
838 2311 1045 2385 intellexisse,
1069 2312 1248 2378 Aristae-

154 2429 279 2488 netum
306 2421 361 2503 qui
385 2419 471 2486 haud
492 2439 584 2486 secus
619 2429 715 2503 atque
749 2421 799 2485 illi
820 2421 935 2486 mirum
958 2430 1109 2504 quantum
1131 2441 1248 2506 operae

155 2531 189 2594 in
213 2550 251 2596 eo
273 2529 393 2614 posuitp
414 2537 449 2595 ut
472 2547 512 2594 ne
535 2529 569 2593 in
588 2529 757 2596 uerborum
773 2529 1011 2596 continuatione
1034 2531 1156 2597 hiatum
1179 2532 1246 2597 eiii·

155 2647 247 2717 ceret
275 2639 322 2704 ita
343 2647 379 2704 ut
399 2639 455 2704 ubi
477 2658 561 2704 nuno
583 2639 691 2704 hiatus
718 2647 767 2704 est
799 2660 902 2723 pausa
933 2659 997 2706 non
1030 2640 1247 2708 intercedente

155 2747 298 2830 (breuem
319 2748 396 2814 licet
425 2756 480 2813 aut
500 2749 630 2832 longam
663 2749 784 2835 uocalis
807 2751 980 2832 sequatur),
1002 2750 1047 2815 ibi
1071 2750 1170 2818 uerba
1192 2759 1247 2818 aut

153 2877 194 2923 ex
217 2858 282 2924 alio
303 2858 460 2941 scriptore
482 2856 592 2922 adlata
615 2877 688 2924 esse
710 2867 766 2924 aut
787 2868 936 2945 corrupta
956 2861 1119 2946 adpareat.

259 2966 408 3032 Gaaacae
429 2965 525 3032 huius
547 3003 588 3014 —-
614 2968 661 3033 ita
682 2969 768 3034 enim
790 2970 986 3036 nominanda
1011 2971 1072 3036 erit
1097 3007 1130 3017 -
1149 2972 1404 3038 disci-tamarem·

154 3076 263 3160 plinae
285 3075 356 3158 quis
378 3081 488 3140 auctor
511 3075 607 3141 l'uerit
629 3078 747 3156 nescio,
782 3084 815 3142 at
837 3078 1005 3144 Philonem
1038 3099 1099 3146 non
1135 3081 1245 3148 dubito
1253 3031 1404 3124 mmmm

255 3281 287 3334 16
316 3294 366 3332 eae
383 3283 450 3334 sunt
469 3284 581 3348 praeter
600 3280 756 3336 nominatas
768 3297 794 3348 p.
806 3282 841 3336 80
852 3299 910 3350 sqq.
929 3277 1096 3352 Πάτροκλος.
1108 3315 1139 3326 -
1155 3303 1182 3354 p.
1194 3285 1245 3340 110

154 3383 212 3436 sqq.
232 3370 342 3433 Μελέτη
357 3363 502 3438 Όρέστοας.
513 3398 544 3407 --
556 3387 582 3438 p.
595 3370 648 3424 502
660 3386 718 3438 sqq.
738 3375 966 3442 κατεγνωσμένου
984 3367 1065 3443 λόγος
1076 3373 1111 3441 (p.
1124 3377 1176 3428 640
1187 3391 1245 3442 sqq.

153 3447 409 3536 ἀποκηρυττομένοο
428 3449 508 3526 λόγος
524 3461 550 3511 et
574 3476 600 3526 p.
615 3460 667 3512 654
688 3475 745 3526 sqq.
765 3451 930 3529 φιλάργυρος
947 3455 1140 3530 ἀποκηρύττων
1166 3461 1246 3516 unius

154 3541 183 3596 ni
201 3541 283 3595 fallor
302 3542 447 3611 scriptoris
467 3549 539 3606 sunt,
559 3545 607 3598 sed
626 3547 673 3614 qui
689 3551 870 3615 pracceptum
889 3547 1030 3616 aliquanto
1050 3549 1180 3602 licentius
1199 3549 1245 3602 ob·

153 3629 287 3696 seruauit)
299 3659 330 3666 —
350 3647 376 3698 p.
386 3631 436 3683 771
452 3648 510 3699 sqq.
529 3631 631 3700 πατρὸς
645 3627 692 3699 τὴν
704 3633 798 3684 ἑαυτοῦ
810 3633 897 3686 uuida
916 3627 1127 3705 ἀποσφάξαντας
1144 3629 1246 3689 ἀπολο-

152 3719 206 3784 γία.
220 3715 305 3769 -hia
324 3716 417 3770 nescio
429 3736 494 3771 num
513 3718 704 3788 adiungendae
723 3721 779 3773 sint
797 3738 823 3788 p.
836 3723 887 3774 582
900 3738 959 3788 sqq.
977 3727 1140 3793 κρινομένου
1158 3721 1248 3798 φόνου

153 3798 290 3874 ἀπολογία
317 3809 346 3858 et
364 3824 390 3874 p.
405 3805 457 3859 ⁷98
476 3803 566 3875 sqqri
587 3802 746 3878 φνλόπολιςτ
774 3805 960 3864 earum'enim
979 3817 1145 3882 προθεωμίαι
1166 3815 1247 3868 hiati-

153 3895 205 3948 bus
221 3897 333 3947 scatent
351 3897 379 3946 et
395 3899 521 3963 tempere
552 3896 639 3950 multo
670 3897 826 3950 recentiore
854 3898 974 3967 scriptae
1002 3898 1142 3964 uidentur,
1170 3903 1246 3972 ipsae

153 3985 245 4035 antem
265 3982 478 4036 declamationes
497 3983 649 4052 paullulum
670 4005 685 4041 a
704 3987 845 4042 scribendi
872 4005 942 4057 quae
971 3990 999 4043 in
1020 3992 1118 4045 ceteris
1137 3991 1245 4060 conspi-

151 4069 225 4124 citur
243 4070 351 4139 ratione
370 4071 530 4126 abhorrent.
1153 4129 1155 4135 ,

256 4161 286 4211 17
315 4177 480 4230 quamquam
499 4162 527 4217 in
549 4179 636 4233 pausa
663 4165 686 4218 is
715 4165 824 4234 saepius
852 4165 959 4220 hiatum
980 4167 1102 4236 admisit,
1119 4168 1149 4222 id
1168 4167 1244 4237 quod

151 4245 186 4300 de
205 4246 380 4304 cassaneto
398 4267 507 4320 quoque
525 4269 659 4308 moneam.
