3010 4904
573 397 714 460 ·1t

144 584 184 650 de
196 584 283 650 fonte
296 583 457 652 Ouidiano
471 583 687 650 Callimachus
702 581 861 650 narrauit:
875 580 961 662 (Ant.
977 580 1011 647 0.
1027 601 1051 646 ο.
1071 579 1128 642 148
1140 579 1242 646 West.

151 729 186 738 —
211 693 290 772 Call.
313 693 373 777 frg.
394 715 425 778 p.
442 696 502 757 338
525 714 556 758 n.
579 696 619 756 20
641 691 806 771 Sohneid.)
851 689 937 771 Περὶ
970 686 1006 754 δὲ
1037 683 1095 776 τὴν
1126 680 1242 753 Ἀθα-

145 803 298 885 μανίαν
319 796 408 886 ἱερὸν
430 793 513 866 εἶναι
536 803 694 888 Νυμφῶν,
719 799 752 865 ἐν
767 784 794 885 ᾦ
808 794 866 885 τὴν
885 793 1001 886 κρήνην
1021 792 1059 862 τὸ
1080 795 1139 879 μὲν
1152 790 1242 885 ὕδωρ

148 909 233 993 ἔχειν
251 902 379 1000 ἔφατον
401 909 446 991 ὥς
465 904 602 992 ψυχρόν,
619 901 638 975 ὃ
659 909 687 975 d’
703 903 743 972 du
761 903 912 996 ὑπερθῇς
925 899 1025 973 αὐτοῦ
1040 904 1240 989 θερμαίνειν.

147 1017 202 1086 ἐὰν
223 1020 260 1087 δέ
281 1045 330 1099 τις
352 1016 515 1108 φρύγανον
536 1014 558 1106 ἢ
578 1010 657 1086 dato
680 1043 711 1085 τι
743 1022 809 1083 τῶν
839 1011 999 1083 τοιούτων
1031 1013 1241 1102 προσενέγκῃ,

146 1126 229 1213 μετὰ
246 1126 368 1217 φλογὸς
389 1123 529 1194 κάεσθαι
552 1129 606 1211 (of.
628 1127 725 1211 [Soa]
746 1129 822 1213 Isig.
850 1148 876 1193 o.
895 1127 955 1208 11).
1002 1125 1074 1204 Quo
1107 1145 1148 1191 ex
1169 1124 1240 1190 loeo

146 1256 218 1301 oum
240 1236 281 1302 de
304 1236 471 1320 Illyrieo
493 1236 684 1321 nymphaeo,
707 1234 793 1319 quod
812 1235 846 1300 in
866 1233 1059 1319 Apolloniae
1081 1233 1170 1298 urhis
1192 1233 1239 1298 ui-

145 1345 233 1411 oinia
253 1346 354 1414 fuisse
376 1346 505 1430 seimus,
533 1345 646 1410 eadem
675 1352 771 1427 atque
801 1343 957 1409 Ouidium
987 1342 1109 1408 dixisse
1143 1341 1240 1407 (lalli-

146 1455 294 1522 maohum
316 1456 449 1539 elueoat,
471 1489 513 1502 -
534 1455 575 1521 de
604 1455 693 1520 nullo
713 1454 799 1520 enim
821 1454 885 1520 alio
909 1453 1091 1538 nymphaeo
1121 1452 1244 1519 similia

147 1564 324 1648 traduntur,
358 1601 393 1610 —
434 1584 506 1630 eam
540 1564 704 1648 regionem
743 1563 912 1629 Eudoxum
949 1562 1080 1645 quidem
1110 1581 1244 1628 uooasse

150 1672 409 1750 „Athamaniam
446 1673 599 1756 sequitur.
657 1678 753 1756 atque
786 1672 1004 1738 reminiscaris
1026 1671 1125 1737 uelim
1146 1670 1244 1735 etiam

146 1781 344 1867 Stephanum
373 1784 450 1867 Byz.
482 1784 526 1867 (p.
554 1787 603 1866 33,
633 1780 686 1864 10)
720 1782 852 1868 Illyriae
884 1788 1009 1866 partem
1041 1779 1243 1846 nominaria

147 1891 309 1957 nonnullis
336 1891 594 1970 „Athamaniam
627 1890 758 1957 referre.
808 1909 890 1973 quae
915 1911 987 1956 oum
1017 1889 1065 1954 ita
1092 1889 1166 1972 sint,
1186 1886 1243 1952 illo

147 2020 273 2083 quoque
296 2001 366 2066 looo
397 1999 505 2085 priore
537 1999 675 2066 fortasse
708 2006 850 2084 tempore
870 1999 1085 2066 Athamanum
1115 2003 1243 2081 gentem

144 2111 198 2174 uel
217 2109 322 2194 gentis
340 2116 464 2194 partem
484 2109 686 2176 habitauisse
711 2128 834 2175 summo
857 2109 927 2175 iure
957 2127 1073 2175 eenseo
1092 2104 1242 2173 eonoludi

98 2245 102 2254 ’
145 2238 251 2303 posse,
280 2219 328 2283 ita
353 2225 387 2284 ut
414 2218 505 2284 nulla
526 2217 591 2284 iam
618 2239 716 2284 eausa
738 2218 782 2284 sit
808 2239 829 2283 a
857 2217 1010 2284 Salmasii
1031 2216 1169 2284 leotione
1190 2233 1239 2280 re-
1269 2233 1273 2252 ·

145 2326 290 2393 sedendi.

246 2438 296 2503 De
317 2436 389 2522 ipso
405 2437 546 2521 regionis
561 2437 716 2503 miraoulo
741 2458 824 2520 quae
838 2436 1005 2521 Ampelius
1027 2443 1144 2520 narrat,
1165 2433 1245 2500 satis
1261 2449 1390 2548 umidum

148 2551 401 2618 aeouratasunt.
455 2564 559 2628 neque
592 2545 679 2610 enim
701 2543 786 2627 quod
817 2543 1016 2626 dixitqinter
1040 2542 1245 2629 Apolloniam
1261 2549 1387 2591 maana.

148 2658 181 2718 et
201 2653 426 2737 Nymphaeum
447 2651 596 2738 spatium
610 2654 775 2737 interesse,
798 2654 914 2720 oeterIs
944 2653 1137 2718 testimoniis
1171 2674 1244 2720 uon-

147 2762 222 2827 latis
243 2783 264 2828 a
286 2782 363 2828 uero
385 2761 515 2828 uidetur
542 2762 677 2828 multum
711 2762 850 2846 differre,
884 2769 916 2826 et
946 2762 1123 2827 reotissime
1155 2763 1244 2829 loeus

146 2871 203 2936 ille
224 2871 259 2935 in
280 2878 385 2936 monte
408 2871 607 2956 Nymphaeo,
633 2872 698 2937 uhi
729 2871 771 2937 de
804 2877 891 2936 terra
923 2869 1007 2966 (fort.
1033 2876 1158 2955 „petra“
1183 2873 1246 2940 fuit

149 2980 189 3045 ef.
202 2980 285 3045 Plin.
307 2981 350 3065 ΙΙ,
373 2981 448 3060 240)
469 2980 598 3049 flamma
619 2981 687 3046 exit
708 2982 912 3064 sempiterna,
934 3001 955 3044 a
974 2981 1048 3046 laeu
1069 2982 1241 3066 asphaltite

121 3121 127 3136 ·
148 3088 281 3169 (olvit.
304 3088 377 3171 Seq.
398 3108 428 3172 p.
443 3090 480 3150 12
493 3087 583 3152 Burs.
609 3087 660 3165 „in
669 3087 864 3152 Athamania
884 3088 1031 3169 laeus“)
1059 3094 1244 3172 separatur;

147 3197 224 3281 quin
247 3197 498 3280 etiampraeter
519 3195 707 3262 Strabonem
733 3197 766 3274 (l.
790 3197 852 3262 VII
872 3218 903 3281 p.
921 3198 995 3278 316)
1025 3217 1106 3264 unus
1128 3199 1243 3284 Ampe-

146 3307 209 3372 IIns
232 3307 301 3372 suh
323 3305 513 3390 Nymphaeo
547 3312 654 3372 monte
675 3306 886 3390 pissasphalti
906 3307 1012 3374 fontes
1034 3306 1135 3374 fuisse
1158 3329 1243 3373 oom-

147 3423 309 3482 memorat.
361 3417 443 3480 mira
472 3436 551 3482 sane
583 3417 752 3499 sequentia
780 3422 853 3482 sunt
889 3438 979 3496 „eum
1000 3417 1148 3484 manibus
1170 3416 1243 3482 sub-

148 3523 272 3609 plodas
294 3525 351 3609 pix
382 3526 446 3590 alte
469 3526 654 3605 attollitur“‚
690 3526 748 3592 sed
780 3528 810 3592 si
842 3547 924 3610 quae
955 3525 1107 3592 aGassio
1138 3526 1244 3591 Dione

148 3629 181 3708 (l.
204 3629 290 3714 XLI,
314 3631 379 3715 45),
401 3651 422 3695 a
442 3631 548 3697 Plinio
574 3619 638 3716 (ΙΙ,ι
653 3635 713 3694 237
738 3635 820 3716 sqq.)
854 3633 894 3698 al.
920 3632 961 3699 de
982 3633 1165 3718 Nymphaei
1185 3633 1243 3698 mi-

147 3739 265 3804 raeulis
298 3746 477 3805 commenta
517 3740 682 3806 hominum
715 3751 886 3808 narrantur
921 3743 1111 3828 respexeris,
1146 3743 1244 3808 talem

147 3868 273 3932 quoque
297 3848 654 3934 iabudamdiuolgatam
667 3849 768 3915 fuisse
789 3856 916 3916 nonest
939 3871 995 3916 eur
1016 3871 1123 3936 neges.
1158 3850 1245 3935 quod

147 3956 234 4022 idem
256 3957 296 4024 de
325 3958 458 4043 reliquis
490 3958 629 4024 dixerim
664 3958 717 4038 „in
748 3959 833 4024 silua
852 3960 950 4025 Panis
983 3961 1177 4045 symphonia
1209 3960 1244 4026 in

150 4066 305 4152 oppidum
325 4067 472 4135 auditur“
486 4071 522 4134 ²⁴.

249 4201 285 4254 24
310 4200 401 4256 locum
419 4201 568 4256 admodum
593 4201 751 4257 siluestrem
769 4169 888 4257 fussee
905 4202 978 4258 Plini
996 4201 1147 4271 Dionlsque
1172 4202 1242 4258 loeis
1348 4239 1353 4254 .

147 4299 336 4370 cognoscitur.
354 4297 389 4353 ei.
399 4297 483 4352 etiam
495 4297 634 4369 (Aristot.)
643 4298 704 4354 mir.
715 4315 790 4354 ause.
804 4300 854 4352 127
864 4297 951 4353 West.
960 4297 1021 4353 Ael.
1032 4316 1061 4352 n.
1070 4298 1096 4353 h.
1105 4297 1180 4364 XIII,
1198 4301 1240 4354 16.
