3010 4904
699 343 719 416 9

159 527 228 615 tire,
252 541 287 602 ut
308 533 349 601 de
371 555 435 602 uno
457 541 489 602 et
500 535 660 603 communi
680 534 768 601 fonte
792 534 939 602 dubitare
961 557 1025 603 non
1046 537 1161 622 possis.
1197 539 1255 605 sed

160 645 241 712 haec
262 645 467 730 quantumuis
490 652 585 711 certa
606 645 679 729 sint,
701 651 775 711 sunt
795 651 903 712 tamen
923 646 957 711 in
977 646 1119 732 Ampelii
1146 648 1255 714 uerbis

161 775 243 838 quae
257 775 451 840 magnopere
473 775 494 819 a
507 753 630 842 ceteris
652 752 811 838 differant,
827 775 972 838 quaeque
988 775 1092 839 neque
1114 777 1134 821 a
1148 757 1255 842 priore

62 883 66 894 ’
115 929 118 934 ,
159 864 254 931 huius
276 864 525 950 scriptiunculae
547 870 675 930 auctore
697 862 888 949 deprompta
909 884 980 930 esse
1001 885 1104 948 neque
1127 865 1256 951 abipso

160 974 315 1058 scriptore
336 973 412 1040 licta
433 994 493 1040 nec
507 966 608 1038 multa
623 975 792 1040 multorum
815 975 1016 1040 saeculorum
1030 976 1255 1043 retractatione

160 1081 338 1168 deprauata
358 1083 489 1149 dixeris.
534 1082 644 1161 Quid?
676 1083 747 1169 ipse
778 1083 924 1168 Zinkius,
956 1103 1051 1168 quem
1080 1086 1255 1168 asperrime
1265 1095 1413 1198 Igghssrppgo

160 1191 300 1259 uidimus
321 1189 374 1275 (cf.
396 1198 459 1259 not.
483 1191 516 1273 5)
538 1190 579 1257 de
610 1192 731 1258 eximia
750 1191 916 1275 scriptoris
945 1191 1095 1259 socordia
1115 1194 1256 1260 locutum
1304 1197 1324 1249 tt
1337 1199 1378 1249 2⁰1·

159 1319 239 1385 esse,
262 1320 367 1367 nonne
387 1306 459 1386 post
476 1299 621 1386 „Gypr0“
646 1298 679 1384 (§
693 1301 745 1382 20)
767 1300 915 1367 lacunam
929 1303 1008 1368 satis
1028 1323 1178 1388 magnam
1192 1310 1255 1370 sta·

160 1416 258 1495 tuere,
282 1431 378 1494 quam
398 1416 521 1476 tantam
542 1410 758 1494 ignorantiam
778 1410 859 1476 uitio
881 1417 1006 1477 nederc
1020 1412 1168 1496 Ampelio
1189 1433 1255 1478 ma-

160 1519 244 1585 luit?
277 1519 318 1586 de
339 1520 455 1585 lacuna
476 1526 583 1585 autem
605 1517 691 1604 quod
723 1519 806 1584 dixit
838 1518 873 1583 id
905 1527 1016 1605 aperte
1048 1521 1166 1587 falsum
1198 1528 1256 1607 est,

162 1629 314 1712 quoniam
336 1627 437 1713 Cypri
458 1627 540 1694 nihil
562 1634 611 1694 est
632 1627 721 1711 quod
735 1628 777 1692 ab
791 1628 856 1694 ullo
875 1649 1016 1712 unquam
1036 1629 1120 1696 inter
1133 1636 1256 1716 septem

160 1738 386 1804 miraculorum
406 1757 572 1803 numerum
593 1737 636 1803 sit
647 1743 819 1822 receptum.
840 1743 936 1820 atque
954 1737 1028 1824 ipsa
1041 1739 1122 1806 haec
1132 1746 1255 1825 septem

138 1915 143 1937 χ
161 1847 214 1913 hic
236 1847 416 1914 enumerari
428 1867 467 1913 ne
479 1847 615 1913 Zinkius
638 1846 768 1930 quidem
788 1846 988 1914 infitiabitur.
1025 1848 1125 1934 Cypri
1148 1855 1256 1915 autern

153 1976 276 2027 nomen
296 1956 485 2042 prinsquam
505 1954 591 2022 unde
612 1955 765 2022 hocloco
788 1961 892 2022 crtum
913 1957 956 2023 sit
977 1957 1156 2044 explanem,
1171 1979 1253 2043 quae

160 2063 200 2130 de
222 2065 388 2132 Rhodiaco
403 2065 529 2131 Solis'
502 2085 596 2148 arguo
611 2065 748 2149 scriptor
761 2066 906 2132 narrauit
892 2065 1157 2133 tconsideranda
1171 2074 1253 2135 sunt.
1262 2088 1290 2128 ce
1263 2087 1412 2189 {3⁰⁶¹}ss

160 2173 209 2238 De
233 2172 360 2240 (tharet
337 2180 379 2239 trs
402 2173 513 2239 Lindii
535 2173 664 2240 uidetur
686 2175 811 2240 colosso
832 2175 922 2258 loqui
943 2175 1008 2261 qui,
1030 2176 1065 2242 in
1086 2177 1173 2244 orbis
1196 2178 1253 2244 mi
1303 2150 1396 2240 tt1e⁸¹¹

159 2282 339 2348 raculorum
359 2302 525 2348 numerum
546 2301 566 2346 a
590 2283 758 2367 permultis
779 2285 862 2350 relat
848 2290 908 2367 tus,
930 2283 1017 2369 apud
1039 2291 1161 2352 ceteros
1176 2307 1254 2371 quo-

160 2409 221 2477 que
244 2411 334 2458 meae
363 2392 492 2457 tabulae
513 2391 687 2476 scriptores
717 2390 831 2458 ecdem
862 2393 932 2459 loco
964 2395 1154 2462 nominatur.
1196 2396 1256 2464 sed

161 2499 240 2582 quid
259 2495 309 2565 illi
329 2521 401 2566 cum
423 2499 607 2585 quadriga?
628 2501 776 2586 ipsumne
798 2501 981 2586 Ampelium
1001 2502 1083 2570 haec
1096 2523 1253 2572 commen-

158 2614 226 2674 tum
247 2628 318 2676 esse
338 2608 457 2695 putas?
499 2614 533 2674 at
564 2608 626 2674 fuit
655 2609 801 2695 profecto
833 2609 940 2677 Rhodi
975 2613 1153 2698 „quadriga
1182 2635 1255 2681 cum

160 2717 227 2783 sole
249 2717 476 2802 Rhodiorum“,
498 2719 637 2803 Lysippi
658 2739 738 2805 opus
766 2720 1017 2806 celeberrimum,
1039 2722 1126 2806 quod
1146 2744 1253 2810 unum,

160 2846 232 2893 cum
249 2847 278 2892 a.
299 2847 329 2893 u.
352 2831 413 2890 712
428 2828 540 2893 urbem
558 2825 690 2894 Cassius
705 2828 909 2915 despoliaret,
923 2830 1069 2898 relictum
1079 2834 1111 2917 ¹⁴,
1124 2837 1253 2919 postero

158 2942 300 3022 tempore
322 2937 485 3019 ,inaurari
505 2939 599 3005 iussit
613 2938 699 3005 Nero
713 2939 873 3025 princeps,
889 2940 1067 3009 dolectatus
1081 2942 1254 3010 admodum

158 3046 217 3112 illa
237 3046 385 3130 (statua)“
398 3047 432 3112 ¹⁵.
485 3047 635 3132 Sequitur
664 3047 831 3134 Lysippei,
871 3071 935 3117 non
968 3050 1130 3120 Oharetici
1167 3054 1254 3139 signi

259 3198 293 3250 14
319 3197 353 3252 cl.
373 3196 464 3254 Cass.
487 3198 521 3254 D.
551 3199 662 3270 XLVII,
683 3203 727 3257 33.
745 3198 939 3274 (Κάσσιος)
911 3223 959 3264 τας
977 3205 1009 3260 δὲ
1028 3202 1062 3273 δὴ
1080 3205 1145 3266 ναῦς
1162 3207 1253 3262 καὶτὰ

156 3288 285 3366 χρήματα
302 3297 348 3348 καὶ
366 3291 400 3348 τὰ
424 3291 490 3350 ὅσια
514 3299 559 3350 καὶ
576 3293 610 3351 τὰ
626 3295 686 3369 ἱερὰ
710 3297 799 3370 πλὴν
820 3300 878 3354 τοῦ
901 3297 1057 3374 ἅρματος
1077 3304 1136 3356 τοῦ
1157 3301 1253 3372 ἡλίου
1289 3371 1293 3382 Ι

157 3384 364 3462 caprariam.

258 3489 290 3542 15
318 3487 389 3542 Plin.
408 3487 465 3544 NH.
485 3491 528 3558 at,
547 3493 581 3546 63
610 3507 645 3546 ex
671 3493 865 3574 emendatione
894 3494 1007 3566 Bargkii
1026 3495 1160 3566 (Exercit.
1179 3495 1251 3554 Plin.

157 3581 177 3638 1.
197 3581 344 3655 Marburgi
362 3585 451 3656 1847).
495 3604 578 3656 quam
604 3587 721 3644 eandam
746 3591 806 3661 ipse
834 3591 973 3647 inuenisse
1001 3593 1115 3649 uidetur
1144 3595 1249 3653 Brunn.

157 3675 227 3749 (Re.
246 3681 299 3750 lp.
309 3682 361 3736 360
379 3681 441 3751 sq),
459 3684 606 3752 probatam
616 3684 788 3742 Ouerbcckio
800 3687 953 3758 (schriltqu.
973 3675 1204 3762 n.1460.'gesch.
1223 3691 1251 3748 d.

158 3793 200 3846 gr.
218 3775 274 3832 Pl.¹
291 3776 318 3830 Il
336 3795 363 3848 p.
372 3779 428 3846 92).
446 3759 585 3836 ¹Statuam
603 3781 719 3838 Romam
737 3782 884 3840 adnectam
903 3803 973 3856 esse,
990 3785 1111 3843 fortasse
1129 3789 1166 3844 ab
1183 3788 1253 3860 ipaia

157 3871 273 3929 Rhodiis
299 3873 405 3930 Neroni
432 3875 507 3932 dono
535 3877 637 3948 datum,
667 3877 803 3950 Bergkiua
832 3881 973 3938 existimat
1009 3882 1066 3954 (cui
1095 3885 1252 3941 adsentitur

157 3968 256 4026 Ouerb.
276 3970 419 4042 aohriltqu.
438 3972 487 4044 ll).
506 3973 555 4028 aad
573 3974 640 4030 licet
656 3976 723 4032 haec
742 3977 823 4033 ualde
842 3979 1027 4049 probabiliter
1045 3981 1122 4038 dicta
1140 3983 1204 4046 sint,
1216 4000 1252 4038 ex

156 4067 229 4123 Plini
247 4070 341 4125 uerbis
360 4087 404 4126 me
421 4071 513 4128 iudice
531 4089 644 4129 necesse
662 4092 719 4130 non
737 4079 780 4130 cat
798 4077 984 4148 conliguntur.
1006 4109 1036 4118 -
1064 4079 1188 4146 Primum
1206 4097 1251 4134 ma

157 4165 292 4235 opinabar
309 4165 361 4222 hoa
379 4167 414 4223 de
431 4165 569 4240 Lysippco
588 4169 659 4225 Solis
678 4171 758 4245 signo
770 4172 847 4229 locos
865 4174 1055 4246 inuestigasae,
1075 4175 1125 4232 sed
1138 4175 1249 4230 eosdem

157 4281 230 4320 uuuc
249 4263 331 4319 uideo
349 4279 366 4318 a
383 4263 731 4320 Schneidorwirthio
750 4269 803 4324 iam
823 4269 965 4325 adhibitos
983 4288 1053 4338 osae,
1081 4289 1247 4341 quamquam
