3010 4904
571 859 713 923 Ἰ.

351 1081 403 1148 ιιι
425 1035 585 1164 impuri
606 1079 672 1146 no.
694 1095 799 1144 mom.
822 1076 940 1162 capito
959 1073 1063 1144 v111.

255 1307 342 1375 Inter
371 1327 487 1374 nouem
517 1307 627 1394 priora
648 1305 815 1392 Ampelii³
848 1305 923 1372 libri
952 1305 1070 1390 capita,
1105 1303 1253 1388 quamuis

156 1418 267 1502 magni
289 1417 386 1501 pretii
407 1416 517 1484 omnia
537 1417 610 1501 sint,
642 1423 790 1484 octonum
824 1409 908 1482 illud
938 1413 1024 1498 quod
1056 1413 1117 1498 „de
1139 1412 1269 1483 mnndi.

155 1524 340 1592 miruoulis“
362 1526 549 1594 inscribitur
577 1545 681 1593 rerum
701 1525 848 1594 nouitate
870 1525 975 1592 looum
997 1512 1120 1590 obtinet
1141 1522 1250 1608 singu·

151 1638 261 1702 larem.
306 1636 357 1702 oui
383 1654 576 1720 quamquam
598 1635 753 1702 nonnulla
785 1633 894 1702 insunt
925 1634 1093 1701 uerissime
1122 1631 1251 1714 tradita,

153 1765 236 1828 quae
258 1751 314 1812 ant
335 1765 399 1812 non
420 1744 627 1811 inueniuntur
648 1743 712 1809 nisi
733 1743 787 1810 hio
807 1750 864 1810 aut
884 1743 927 1809 ab
955 1743 1029 1810 aliis
1063 1743 1175 1825 eisque
1205 1741 1251 1807 lo·

151 1853 333 1937 oupletibus
354 1853 489 1920 testibus
512 1851 720 1918 adfirmentur
733 1855 756 1934 ⁴,
784 1872 902 1936 magna
924 1859 1032 1919 tamen
1054 1872 1160 1918 rerum
1179 1871 1251 1916 nar·

155 1972 298 2031 ratarum
317 1983 393 2048 pars
415 1973 482 2031 turn
505 1961 763 2048 ineptauidetur
785 1968 914 2044 tamque
937 1962 978 2027 ab
1000 1962 1087 2028 omni
1108 1961 1172 2026 fide
1194 1961 1248 2038 ab:

153 2070 297 2150 horrens,
331 2079 366 2138 ut
399 2071 439 2141 de
470 2079 647 2138 eeterarunr
667 2091 793 2155 quoque
814 2071 878 2140 fide
900 2073 957 2139 uix
979 2071 1086 2159 possis
1108 2092 1173 2146 non
1195 2071 1251 2137 du·

151 2181 265 2248 bitere.
301 2183 352 2248 De
373 2182 515 2266 singulis
539 2189 645 2248 autem
666 2201 729 2266 quo
751 2182 866 2250 melius
888 2188 986 2266 queat
1007 2181 1154 2266 iudienri,
1176 2201 1251 2265 gra·

151 2291 321 2358 uissimum
352 2299 402 2360 est
433 2300 530 2376 atque
563 2291 781 2359 necessarium
813 2290 917 2359 unde
951 2311 1025 2358 suu
1062 2289 1253 2360 hauserit

150 2400 363 2484 Ampelius
384 2420 587 2486 eognoseere.

251 2511 356 2594 Atque
377 2511 449 2594 quis
472 2510 615 2577 eredate
637 2511 739 2578 uariis
759 2510 968 2596 scriptoribus
980 2503 1409 2627 θὶιιιιιιιοιιιιιὶΙιιιιριὶοιιιτιζὼξὲξιιίἃ

152 2620 274 2706 ignotis
297 2639 368 2685 eum
390 2620 520 2704 singula
541 2620 746 2706 conlegisse?
772 2640 846 2686 nam
867 2640 908 2688 ne
928 2641 1025 2686 unam
1047 2619 1178 2703 quidem
1200 2619 1246 2688 ni·
1264 2627 1403 2728 effle-

154 2729 214 2797 deo
236 2749 304 2796 rem
325 2749 421 2812 quarn
442 2750 483 2796 ex
505 2749 615 2797 eorum
637 2730 693 2813 qui
714 2750 798 2796 nuno
820 2736 931 2798 extant
950 2731 1142 2816 scriptorum
1155 2729 1247 2798 libris

155 2846 340 2923 exeerptnnr
361 2859 434 2906 esse
458 2840 528 2906 iure
557 2840 618 2907 tibi
649 2839 853 2925 persuadeas.
896 2848 971 2907 runt
999 2848 1085 2908 uerte
1114 2840 1169 2924 qui
1190 2841 1252 2906 hoo

250 3041 267 3094 8
287 3039 430 3109 Ampelius
458 3039 505 3094 ille
530 3041 593 3110 quis
625 3039 712 3095 fuerit
733 3057 823 3110 quoue
852 3045 978 3110 tempore
1009 3040 1112 3094 uixerit
1138 3057 1251 3110 prorsus

152 3136 285 3206 ignotum
302 3138 352 3190 est.
380 3136 409 3191 irl
426 3154 513 3192 unum
531 3137 606 3191 enim
625 3141 734 3193 00th
751 3138 854 3192 librum
872 3153 953 3192 menn.
973 3142 1037 3207 post
1054 3135 1167 3192 'liziani
1183 3141 1251 3194 tem·

149 3249 219 3302 poru
236 3231 371 3301 seriptum
388 3249 453 3288 esse.
470 3291 474 3298 ,
490 3251 657 3304 quamquem
690 3250 865 3304 quosuunque
889 3233 971 3288 uideo
990 3233 1026 3288 de
1043 3232 1170 3303 Ampelio
1188 3235 1251 3302 post

151 3327 341 3384 Woelffliuum
357 3329 478 3386 dieentes
505 3330 551 3398 (ef.
573 3330 659 3384 eiustl.
677 3329 785 3385 dissert.
805 3329 955 3401 Gottingae
975 3331 1043 3385 1854
1062 3329 1103 3384 ed.
1122 3347 1149 3400 p.
1168 3332 1203 3384 49
1222 3333 1251 3384 et

151 3425 246 3496 Pauly.
265 3425 420 3496 R.·Elnoyel.
440 3424 454 3478 I
472 3443 499 3494 p.
510 3425 572 3480 882.
611 3424 722 3479 Teuffel.
741 3424 828 3480 RLG²
848 3443 876 3496 p.
894 3425 955 3480 808.
973 3424 1145 3496 Bernhardy.
1163 3423 1251 3480 RLG⁸

151 3541 178 3592 p.
187 3522 248 3576 766.
268 3521 366 3576 Bsehr.
385 3521 511 3576 RLG‘H
529 3541 556 3592 p.
568 3523 629 3576 2⁷2.
648 3521 740 3588 Halm,
759 3522 857 3577 Plrilol.
872 3523 987 3594 Ipsus.
1006 3522 1158 3580 Urlichs.
1178 3521 1250 3577 Mus.

151 3617 204 3673 Rh.
225 3617 302 3674 XVII
325 3617 418 3686 (1862)
449 3635 475 3688 p.
495 3618 548 3672 634
565 3635 602 3672 m.
642 3619 741 3674 Zink.
768 3619 823 3674 Eos
842 3620 869 3674 11
896 3636 924 3689 p.
945 3619 998 3676 327
1019 3618 1068 3690 in.)
1094 3618 1116 3673 ii
1140 3623 1189 3672 unt
1211 3635 1250 3674 se·

150 3714 234 3772 oundi
250 3715 351 3770 sseeuli
368 3715 521 3784 posteriori
539 3719 587 3770 sut
604 3716 683 3771 tertii
701 3716 791 3786 priori
809 3716 886 3786 porti
903 3714 1062 3786 Ampelium
1080 3715 1248 3772 ndseribunt.

154 3811 202 3867 sed
227 3829 326 3866 uereor
352 3829 386 3866 ne
411 3816 488 3866 oertu
506 3811 627 3867 Glueseri
654 3816 682 3867 et
700 3811 853 3867 Woelfflini
876 3816 1039 3883 argumento
1063 3812 1104 3867 illi
1130 3813 1250 3868 habeant

151 3925 221 3978 quoe
238 3924 412 3978 nequequam
429 3911 506 3963 uerte
531 3913 608 3964 sunt.
627 3911 727 3964 notatis
744 3909 838 3978 potius
856 3908 1160 3979 aliquanto'inierioris
1178 3911 1249 3965 sori·

150 4004 278 4075 ptoribus
294 4003 454 4074 Ampelium
472 4007 547 4060 reete
567 4004 634 4060 olim
651 4004 864 4060 adnumeratum
882 4021 948 4074 esee,
967 4009 996 4060 st
1007 4006 1077 4061 mihi
1086 4023 1246 4076 persuasum

151 4105 194 4158 est
212 4105 241 4157 et
259 4101 320 4156 eliis
338 4101 486 4173 aliquunde
504 4117 548 4157 me
566 4101 753 4172 probaturum
770 4100 888 4158 oonfido.

252 4200 272 4252 4
288 4197 324 4254 oi.
343 4215 366 4256 e.
384 4217 406 4256 o.
424 4199 554 4256 Brunn.
580 4197 652 4254 Bull
672 4198 735 4254 dell’
753 4199 819 4256 lnrt.
841 4199 909 4256 1871
928 4218 956 4272 p.
975 4200 1010 4256 28
1027 4217 1066 4270 sq.
1084 4227 1118 4240 -
1136 4199 1246 4254 Wuet·

151 4310 261 4349 monn.
278 4292 349 4349 Mus.
369 4293 456 4351 Rhen.
474 4295 554 4352 XXII
571 4313 598 4366 p.
621 4297 671 4350 131
691 4312 730 4366 sq.
