3010 4904
768 362 806 426 ln

246 545 440 612 mentionem
461 543 522 612 hoe
542 545 613 612 loeo
633 545 711 611 lieri.
756 565 820 628 qua
840 545 874 609 in
895 565 930 610 re
952 563 1151 630 summopere
1167 543 1339 611 dolendum

246 653 412 740 estquod,
435 675 507 721 cum
536 654 577 720 de
599 656 669 720 eius
704 660 829 721 statuae
861 654 965 720 forma
996 660 1028 720 et
1058 654 1130 720 loco
1153 673 1170 720 e
1192 655 1279 720 Plini
1311 663 1344 720 ct

244 764 361 831 Dionis
382 765 463 838 loeis
485 763 567 830 nihil
589 770 721 848 constet,
744 785 841 830 unum
869 762 951 830 illud
971 764 1138 848 Ampelius
1168 784 1343 830 memoran-

245 873 321 939 dum
344 874 436 940 duxit
457 893 555 958 super
576 874 724 939 columna
745 893 924 939 marmorea
956 893 1028 939 eam
1059 873 1198 957 positam
1230 873 1340 959 fuisse,

245 1003 312 1048 rem
334 983 391 1048 uix
413 982 610 1048 credibilem.
655 1003 730 1048 nam
751 981 880 1048 etiamsi
903 982 974 1048 loeo
1004 982 1091 1068 satis
1116 981 1212 1070 edito
1235 989 1267 1048 et
1298 985 1340 1050 ab

231 1092 331 1158 omni
353 1098 444 1177 parte
467 1092 639 1177 conspicuo
662 1091 821 1176 quadriga
842 1091 912 1160 sine
941 1090 1040 1157 dubio
1063 1092 1230 1158 conlocata
1261 1098 1338 1178 erat,

175 1210 181 1222 ’
245 1221 343 1267 unam
374 1207 481 1267 tamen
515 1202 694 1268 columnam
727 1201 896 1285 quominus
937 1201 1042 1268 basim
1073 1200 1174 1268 fuisse
1220 1202 1342 1285 cogites

245 1312 346 1376 multa
366 1308 555 1395 impediunt.
598 1311 714 1394 quodsi
734 1330 849 1395 parum
880 1316 1031 1376 accurata
1063 1309 1204 1376 dictione
1227 1313 1341 1396 Ampe-

122 1401 124 1410 ’
243 1419 323 1486 lium
342 1421 378 1487 in
398 1420 460 1486 hac
481 1441 515 1486 re
537 1419 597 1485 uti¹
617 1426 739 1486 eertum
766 1426 824 1503 est,
852 1425 908 1486 aut
935 1440 1007 1486 cum
1035 1417 1342 1486 Schneiderwirthio

243 1527 298 1615 (cf.
320 1537 383 1597 not.
408 1531 459 1612 15)
477 1530 695 1610 ,columnam“
720 1549 779 1614 pro
809 1528 933 1612 ingenti
965 1547 1144 1594 marmorea
1172 1529 1253 1613 basi,
1278 1534 1341 1613 aut,

243 1637 279 1706 id
300 1639 387 1723 quod
407 1659 472 1706 non
492 1659 558 1704 una
579 1638 619 1704 de
641 1656 740 1706 musa
771 1644 936 1722 praestare
967 1644 1054 1722 puto,
1085 1657 1144 1722 pro
1174 1644 1268 1723 porta
1289 1658 1340 1704 co·

243 1748 387 1814 lumnata
407 1747 607 1830 habebimus,
632 1746 761 1830 qualem
784 1745 931 1811 Corinthi
951 1745 1037 1811 Solis
1059 1745 1250 1831 quadrigam
1271 1765 1339 1812 sus·

244 1858 379 1924 tinuisse
412 1856 625 1941 comperimus
644 1857 677 1922 ¹⁶.
740 1874 822 1938 quae
855 1860 962 1920 autem
994 1855 1029 1920 in
1059 1855 1200 1939 Ampelii
1232 1854 1338 1940 capite

242 1972 394 2033 secuntur
426 1966 592 2046 „columna
623 1984 701 2030 uero
733 1964 832 2029 habet
861 1963 987 2029 cubitos
1019 1966 1163 2030 centum“
1218 1963 1338 2030 nullius

242 2077 339 2163 pretii
360 2083 443 2160 sunt,
473 2075 634 2158 quoniam,
666 2079 701 2140 ut
731 2073 767 2139 in
798 2055 946 2140 omnibus
977 2073 1054 2158 fere,
1087 2093 1167 2158 quos
1189 2072 1338 2140 inlibris

242 2206 339 2252 manu
361 2184 491 2269 scriptis
512 2184 582 2249 eius
604 2183 732 2266 generis
759 2181 896 2248 traditos
926 2181 1029 2267 uides,
1060 2182 1339 2266 commentariolis,

243 2295 290 2360 ita
311 2293 346 2360 in
367 2294 427 2360 boc
449 2311 577 2377 quoque
598 2291 723 2357 numeri
752 2291 987 2376 corruptissimi
1007 2290 1105 2374 inque
1126 2291 1231 2356 maius
1252 2289 1340 2355 aucti

243 2405 360 2472 sunt¹⁷.
394 2401 428 2468 O.
450 2401 487 2467 F.
506 2401 683 2468 Hermanni
709 2400 848 2484 denique
871 2401 1086 2468 coniecturam
1110 2399 1335 2479 ,colossicum“

243 2538 268 2592 is
286 2537 361 2592 unde
379 2553 429 2590 sua
447 2535 574 2589 hauserit
592 2551 648 2588 non
668 2533 823 2589 adnotauit.
851 2535 892 2588 ita
910 2534 983 2588 'enim
999 2533 1033 2588 de
1052 2532 1147 2588 cadem
1161 2538 1253 2588 statua
1266 2533 1338 2596 dixit

242 2632 352 2704 (Gesch.
370 2632 397 2686 d.
416 2632 472 2686 Ins.
491 2630 605 2685 Rhodos
622 2648 649 2701 p.
664 2631 726 2702 193)
752 2631 871 2686 »etcum
890 2630 1031 2686 ucichncte
1060 2630 1118 2685 sich
1146 2629 1233 2686 durch
1262 2632 1338 2687 scine

241 2745 356 2801 grossus
382 2747 408 2782 u.
436 2726 599 2782 schosnheit
623 2726 675 2781 der
702 2727 913 2797 sonncutempcl
940 2744 1049 2796 111,-
1070 2725 1338 2797 geschmneclrtvor

241 2825 323 2880 sllem
343 2826 395 2879 mit
413 2823 474 2878 dem
494 2821 749 2879 hochberuehmten
767 2825 844 2878 werk
871 2823 920 2878 des
938 2822 1075 2893 Lysippus
1103 2821 1154 2878 aul
1174 2823 1338 2895 gewsltiger

240 2936 414 2975 marmorner
432 2918 515 2988 basis,
535 2918 588 2972 mit
607 2917 669 2973 dem
687 2917 880 2989 prachtvollsn
908 2935 1122 2990 sonnenwagen,
1148 2919 1238 2975 einem
1268 2921 1337 2976 visr-

240 3033 366 3088 gespsnn
384 3017 437 3070 mit
454 3015 517 3072 dem
536 3018 624 3086 gotie,
644 3014 811 3084 dargestellt
839 3015 892 3069 mit
921 3015 971 3070 der
990 3014 1203 3071 strehlenlrrone
1221 3034 1267 3070 um
1286 3015 1337 3070 das

240 3113 337 3185 haupt,
355 3114 444 3168 eincm
462 3113 538 3167 werlr
555 3111 604 3167 das
623 3111 678 3166 don
696 3111 840 3167 Rhodiern
858 3111 941 3167 ellcin
959 3112 1084 3183 gelassen
1103 3110 1208 3183 surde,
1226 3112 1267 3167 als
1285 3110 1337 3168 der

239 3210 408 3281 plueudersr
425 3208 536 3264 Gessium
553 3209 592 3262 sis
610 3207 666 3262 isst
683 3207 753 3262 aller
772 3205 984 3264 lrunstsebsetzc
1001 3208 1164 3265 bersubter.

342 3309 375 3362 ld
402 3286 498 3390 Reus.
517 3304 553 3375 11,
570 3306 595 3359 3.
613 3306 638 3359 2.
667 3305 698 3359 ix
718 3305 765 3373 τῆς
781 3300 884 3377 ἀγορᾶς
902 3299 1029 3363 ἐξιόντων
1049 3333 1083 3346 --
1101 3300 1257 3378 προπύλαιά
1275 3306 1333 3360 ἔστι

241 3407 286 3458 καὶ
304 3404 349 3459 ἐπ’
368 3398 457 3458 αὐτῶν
475 3397 611 3475 ἅρματα
628 3401 772 3472 ἐπίχρυσα,
787 3397 818 3455 τὸ
831 3399 1045 3473 plumatium
1058 3431 1101 3467 -,
1118 3399 1149 3456 τὸ
1169 3402 1205 3457 δὲ
1218 3397 1335 3458 Ἥλιον

239 3497 342 3556 αὐτὸν
361 3503 479 3573 φέρον.
517 3497 566 3554 sed
585 3496 649 3553 uide
666 3514 702 3554 ne
725 3497 840 3552 obstent
856 3496 930 3552 Plini
949 3499 1036 3553 uerba
1053 3497 1123 3568 (NH.
1142 3501 1185 3567 84,
1205 3499 1250 3568 2⁷)
1270 3499 1335 3555 ›Go-

238 3579 396 3652 lumuerum
414 3594 488 3650 ratic
507 3599 568 3649 erat
586 3593 678 3649 attolli
696 3611 783 3664 supra
800 3597 911 3649 ceteros
926 3595 1070 3666 mortales,
1098 3593 1173 3668 quod
1198 3599 1227 3650 ct
1252 3610 1334 3650 srcus

240 3691 399 3764 significant
417 3691 565 3747 nouicio
583 3691 759 3746 inuento«.
797 3691 832 3747 el'.
853 3690 969 3748 Urlichs.
980 3690 1216 3748 Chrestom.Plin.
1234 3710 1262 3763 p.
1273 3691 1332 3749 308.

341 3793 373 3844 12
402 3790 534 3846 hortans
552 3788 621 3844 hsce
639 3787 675 3845 de
694 3789 802 3860 ingenti
821 3787 951 3844 columns
967 3787 1034 3845 ficta
1049 3788 1253 3859 quodammodo
1271 3787 1334 3846 euni

241 3905 337 3944 eorum
358 3887 489 3960 opinione
513 3887 664 3943 cohaerent
691 3903 761 3956 quos
789 3890 903 3958 postero
930 3889 1056 3958 tempore
1083 3885 1223 3942 colossum
1241 3887 1331 3956 ipsum

239 3986 395 4042 columnam
413 3982 603 4055 perexcelsam
622 3985 736 4052 putasse
757 3983 842 4038 uariis
860 3982 929 4056 Iopis
947 3982 1075 4054 legimus.
1104 3983 1139 4040 cl'.
1158 4000 1181 4038 e.
1195 3999 1218 4039 c.
1229 3981 1330 4038 Ouerb.

239 4081 383 4151 schrittqu.
405 4083 482 4137 1551.
500 4109 532 4122 -
550 4081 741 4136 Moutlaucou.
759 4081 828 4138 dier.
839 4080 902 4136 Ital.
920 4098 947 4150 p.
960 4082 1014 4136 nte
1030 4098 1065 4136 ex
1082 4080 1144 4136 eod.
1163 4097 1206 4152 gr.
1225 4079 1332 4135 Bnlusii

164 4203 166 4209 v
239 4175 370 4246 descript.
392 4205 426 4216 —
444 4175 507 4232 eod.
524 4175 631 4231 Monac.
650 4175 702 4230 tel
722 4175 840 4246 (Victor.
859 4175 904 4244 99)
921 4191 949 4245 p.
963 4174 1025 4231 345.
1051 4174 1095 4247 (cl.
1114 4175 1217 4248 Seeck,
1235 4177 1328 4234 Herm.

239 4271 278 4328 lx
295 4292 322 4345 p.
336 4275 408 4344 223).
444 4273 493 4329 scd
511 4274 622 4328 mittem
642 4272 695 4329 boe
712 4272 788 4342 quod
806 4273 835 4326 in
854 4273 1015 4330 coniectura
1032 4277 1154 4345 positum
1173 4280 1223 4332 cst

1489 889 1494 956 l

1445 977 1449 985 .
1493 971 1494 994 r
