3010 4904
679 360 719 425 25

156 549 311 616 oedonum
333 567 409 631 rege
431 547 578 614 hausisse
601 547 709 631 priore
731 546 922 632 suspicatur,
945 547 1106 611 Pausania
1120 544 1245 610 soilieet

152 663 291 742 auctore,
313 657 369 740 qui
382 657 421 741 (Ι,
435 661 483 741 84,
497 657 528 732 l)
545 655 685 740 Oropiae
699 656 936 740 possessionem
949 676 970 720 a
981 655 1133 739 Philippo
1147 653 1243 719 Athe-

152 768 318 835 niensibus
342 762 485 846 βεβαίως
505 747 686 830 restitutam
707 783 778 830 esse
799 763 952 830 adfirmet.
990 763 1045 850 ,At
1066 762 1244 828 rationibus

152 878 231 945 satis
250 876 352 942 firmis
372 875 502 941 duotum
522 875 570 940 ita
592 873 789 941 Urliehsium
809 873 971 948 iudieasse
992 893 1084 957 nego.
1140 892 1245 954 neque

155 988 240 1056 enim
260 1007 335 1052 num
358 985 398 1051 de
419 984 526 1068 Oropo
548 983 676 1049 omnino
699 983 847 1067 cogitarit
861 982 1027 1066 Ampelius
1050 987 1170 1048 eertum
1186 987 1244 1064 est,

152 1095 313 1181 siquidem
343 1092 407 1159 duo
440 1093 539 1158 etiam
566 1098 693 1176 praeter
717 1091 859 1175 Oropum
880 1091 981 1157 fuisse
1009 1091 1081 1157 loea
1112 1111 1245 1156 narran-

153 1214 203 1272 tur
238 1221 339 1286 eaque
369 1200 456 1266 haud
484 1199 581 1266 dubie
616 1198 778 1282 Boeotioa,
813 1198 869 1264 uhi
901 1197 942 1264 de
980 1198 1061 1264 miro
1092 1198 1244 1283 Amphia-

155 1315 205 1381 rai
225 1311 314 1379 obitu
338 1309 468 1376 fabulae
490 1308 717 1391 ferebantur⁴⁶,
738 1314 770 1372 et
784 1343 825 1354 -
846 1306 958 1373 demus
979 1308 1065 1373 enim
1087 1307 1127 1373 de
1140 1307 1246 1392 Oropo

152 1423 208 1488 ille
231 1407 349 1486 dixerit
369 1453 407 1466 -
429 1417 599 1500 quominus
621 1417 802 1483 Pausaniae
824 1417 958 1482 nimium
975 1417 1152 1483 tribuentes
1174 1423 1246 1501 post

153 1531 297 1616 Philippi
318 1535 465 1612 tempora
486 1527 627 1612 Oropum
650 1528 685 1592 in
707 1527 835 1593 dieione
857 1527 1100 1594 Atheniensium
1120 1545 1247 1610 semper

153 1643 254 1709 fuisse
291 1637 480 1721 onesimus,
515 1643 603 1702 oerta
632 1637 768 1702 aliorum
804 1638 990 1703 testimonia
1019 1635 1200 1720 impediunt
1210 1633 1247 1700 ⁴⁷.
1330 1643 1333 1649 '

73 1759 75 1762 ’
154 1755 276 1835 Itaque,
307 1746 436 1814 tametsi
460 1746 495 1812 in
525 1745 640 1811 ueteris
673 1765 752 1828 quas
784 1744 890 1810 adhue
912 1745 1165 1811 examinauimus
1194 1763 1246 1809 ae-

154 1858 231 1924 tatis
246 1854 397 1941 Philippo
412 1856 511 1922 multo
531 1854 721 1939 posterioris
739 1852 865 1919 indieia
887 1853 1165 1938 deprehendimus,
1186 1853 1247 1919 hae

155 1966 367 2052 paragrapho,
400 1964 496 2031 modo
517 1985 557 2030 ne
580 1963 624 2030 ad
645 1963 984 2048 (laesarumtempora
1005 1961 1246 2041 deseendamus,

159 2076 392 2161 argumentatio
413 2079 523 2153 nostra
543 2095 607 2141 non
628 2073 789 2140 euertitur.

185 2239 188 2248 .
254 2187 304 2252 De
328 2184 485 2251 Phidiaeo
503 2184 709 2250 Mineruae
732 2184 957 2249 simulacro
987 2203 1059 2249 eum
1080 2203 1179 2266 supra
1199 2182 1247 2247 di·

157 2301 242 2361 etum
273 2295 315 2360 sit
339 2314 474 2376 eumque
496 2292 537 2360 de
557 2289 627 2359 Ilii
649 2293 822 2360 Rhoetei
843 2293 995 2378 Ephesi
1017 2292 1121 2360 Sami
1151 2293 1246 2359 mira-

155 2406 236 2472 eulis
256 2411 383 2490 praeter
403 2425 507 2470 meras
529 2405 728 2470 eonieoturas
749 2425 812 2470 non
832 2403 969 2470 habeam
986 2385 1247 2487 quae'eommode

155 2513 292 2599 proferri
312 2513 445 2597 possint,
468 2512 687 2597 transgredior
707 2513 751 2578 ad
775 2513 793 2595 ἐ
812 2518 859 2579 14.
888 2512 928 2578 de
950 2533 1015 2597 qua
1034 2514 1205 2580 Brunnii
1220 2516 1285 2581 ⁴⁸a0
1299 2551 1340 2581 1η
1352 2541 1405 2580 Per·

155 2623 311 2690 iudioium
330 2629 493 2705 tamquam
513 2643 619 2688 meum
645 2644 709 2689 non
738 2643 869 2708 possum
899 2643 964 2690 non
996 2623 1156 2708 amplecti,
1187 2643 1248 2688 nee
1284 2601 1381 2695 ‘liiii‘

158 2751 287 2798 oausam
308 2732 433 2818 reperio
455 2752 519 2815 qua
541 2739 716 2798 commotus
739 2732 1067 2816 Ouerheelrius⁴⁹,
1090 2733 1247 2816 quamuis,

158 2841 244 2924 quod
260 2841 421 2907 Brunnius
451 2841 491 2907 de
513 2841 653 2907 Attalico
686 2861 783 2927 opere
806 2843 956 2926 Pergami
982 2848 1110 2907 seruato
1145 2841 1248 2926 suspi-

159 2949 300 3034 cabatur,
323 2950 454 3034 egregie
470 2949 521 3016 his
532 2949 674 3034 Ampelii
695 2949 804 3017 uerbis
826 2951 1006 3018 confirmari
1027 2957 1145 3036 pateat,
1166 2950 1249 3016 hano

156 3066 264 3126 tamen
295 3077 384 3124 aram
410 3058 534 3142 eotypis
568 3059 704 3149 fortasse
738 3066 882 3166 ornatam
914 3059 1033 3126 dixerit
1055 3059 1247 3143 omninoque
1355 3045 1357 3052 ¹

256 3285 343 3342 48111.
361 3285 395 3340 H.
414 3286 448 3342 N.
466 3287 584 3357 UlrIehs,
608 3289 697 3344 reisen
723 3308 751 3344 u.
771 3288 955 3358 forsehungen
973 3287 1009 3342 Il.
1041 3286 1119 3342 Berl!
1134 3287 1202 3342 1888
1219 3306 1246 3358 p.

157 3378 191 3432 68
210 3395 269 3448 sqq.
290 3399 325 3428 ==
344 3397 408 3437 anu.
426 3380 490 3436 dell'
510 3381 597 3436 instit
619 3381 710 3437 XVIII
730 3397 757 3451 p.
776 3384 812 3436 40
829 3400 888 3453 sqq.

255 3476 290 3527 47
308 3479 341 3530 ut
357 3475 437 3531 Diod.
456 3476 530 3546 XIX,
543 3479 586 3547 78,
600 3481 628 3534 8.
648 3477 683 3532 ef.
703 3478 737 3534 de
753 3479 804 3534 hae
821 3495 853 3533 re
870 3496 940 3549 quae
958 3479 1113 3548 disputauit
1130 3478 1248 3534 Meierus

159 3570 265 3638 (Erech.
284 3576 313 3626 et
331 3571 447 3627 Gruber.
465 3571 577 3643 Enoyel.
596 3572 636 3627 Ill
656 3575 711 3628 nol.
731 3577 747 3628 5
766 3593 792 3645 p.
812 3575 882 3644 509).

255 3668 289 3722 48
306 3667 402 3723 bullet.
421 3667 485 3722 dell'
505 3669 570 3724 inst.
591 3669 658 3723 1871
680 3687 708 3739 p.
726 3673 762 3726 30
779 3689 818 3740 sq.
857 3670 892 3726 ef.
917 3671 1000 3725 etiam
1025 3669 1115 3724 annal.
1135 3669 1161 3724 d.
1182 3672 1245 3724 inst.

158 3764 227 3818 1870
243 3781 271 3833 p.
289 3763 342 3818 817
360 3781 418 3834 sqq.

256 3861 292 3913 49
308 3860 413 3930 gdech.
433 3861 632 3932 kunstmythol.
651 3861 687 3917 11.
707 3861 785 3916 Zeus.
803 3878 831 3929 p.
841 3863 893 3915 806
903 3859 968 3915 fin:
992 3861 1040 3916 »In
1057 3861 1177 3918 disselbe
1194 3863 1249 3919 zeit

155 3954 410 4012 undlsunstsehule
427 3957 499 4012 wird
517 3957 621 4012 sodann
639 3959 685 4013 ein
705 3959 758 4012 mit
778 3957 835 4012 der'
848 3959 1071 4028 gigantomachia
1087 3959 1127 4030 (in
1140 3960 1220 4016 relief
1224 3961 1248 4030 1)

155 4052 379 4122 gesehmueelrter
396 4071 507 4124 gruem
525 4055 597 4110 altar
612 4055 797 4124 inPergamos
814 4073 848 4109 zn
868 4059 960 4110 setaen
978 4057 1046 4126 sein,
1054 4073 1109 4112 von
1117 4055 1248 4112 welohem

157 4148 300 4219 Ampeliou
328 4167 362 4206 zu
382 4149 526 4206 beriehten
544 4152 632 4221 weiss,
649 4151 780 4206 wahrend
799 4156 876 4206 sonst
894 4151 987 4208 niehts
1002 4153 1088 4208 ueber
1104 4152 1250 4212 denselben

157 4246 279 4302 bekanm
296 4247 342 4316 ist,
359 4245 423 4302 falls
440 4246 486 4303 die
504 4265 591 4318 ganne
610 4247 756 4305 naehriebt
768 4249 888 4323 glauben
899 4249 1049 4308 verdiana«
