3010 4904
797 332 815 390 2

263 516 359 582 kius
380 515 434 598 qui
458 534 559 600 nuper
583 519 725 580 ueterum
748 514 835 578 locos
851 513 1030 598 composuit
1043 517 1065 594 2,
1089 515 1223 579 multum
1238 533 1355 597 operae

260 627 380 692 frustra
404 623 571 710 impendit.
1088 605 1092 616 ’

361 734 447 814 Quid
470 735 555 818 quod
576 755 617 801 ne
641 735 675 799 in
690 733 741 800 his
758 733 887 817 quidem
901 739 1045 799 ueterum
1063 733 1255 817 scriptorum
1266 732 1355 798 testi-

259 845 376 911 moniis
399 843 603 926 acquiescere
625 842 726 908 licet?
746 843 854 927 plures
877 842 962 907 enim
985 841 1052 907 fere
1074 841 1216 907 inlibris
1232 841 1355 924 Byzan·

259 956 398 1022 tinorum
432 958 538 1018 aetate
572 972 668 1017 manu
701 953 830 1036 scriptis
866 951 987 1018 seruati
1020 958 1094 1016 sunt
1129 949 1283 1034 anonymi
1316 948 1356 1014 de

258 1062 370 1130 mundi
393 1061 558 1127 miraculis
581 1062 835 1128 commentarioli
857 1062 921 1145 qui,
956 1068 1110 1144 quantum
1140 1060 1183 1124 ad
1213 1079 1356 1142 eaquae

260 1171 392 1239 aliunde
413 1179 488 1238 nota
517 1179 591 1238 sunt
610 1170 830 1237 confirmanda
853 1189 891 1235 ac
922 1169 1102 1255 supplenda
1133 1168 1273 1248 ualeant,
1305 1168 1357 1234 uel

262 1282 374 1369 paucis
391 1281 458 1378 illis
478 1282 534 1365 qui
555 1279 675 1366 publici
699 1279 778 1344 iuris
797 1277 902 1344 adhuc
923 1279 1000 1344 facti
1022 1284 1096 1343 sunt
1118 1277 1277 1343 docemur.
1301 1297 1356 1342 no·

260 1391 311 1458 uis
335 1391 464 1474 quidem
485 1411 544 1456 nec
574 1389 701 1474 exiguis
735 1386 894 1454 eiusmodi
929 1387 1064 1454 auxiliis
1098 1385 1184 1470 quod
1215 1387 1286 1471 ipse
1310 1386 1357 1450 in·

261 1507 400 1566 structus
423 1520 502 1582 sum,
524 1506 767 1584 praeceptorum
789 1498 993 1582 uirorumque
1015 1497 1190 1564 amicorum
1217 1498 1355 1563 beneuo-

262 1609 382 1680 lentiae
404 1609 514 1692 debeo,
547 1609 606 1678 sed
636 1629 676 1674 ex
700 1609 781 1694 ipsis
806 1609 854 1674 eis
878 1609 1023 1676 frustulis
1045 1608 1080 1674 id
1100 1629 1198 1675 uuum
1220 1607 1357 1692 cognoui

260 1718 403 1785 iudicare
426 1703 478 1784 'de
509 1717 560 1785 his
592 1718 686 1784 rebus
718 1718 839 1784 nemini
873 1719 971 1784 licere
1005 1719 1070 1784 nIsi
1093 1716 1238 1784 omnibus
1261 1725 1357 1784 antea

263 1827 401 1912 quaein
423 1828 650 1894 uetustioribus
674 1827 767 1893 libris
793 1835 904 1894 extant
925 1828 1079 1914 conlectis
1101 1836 1133 1896 et
1153 1827 1356 1896 examinatis.

361 1938 451 2018 Quae
473 1959 545 2006 cum
567 1937 613 2003 ita
634 1937 710 2019 sint,
745 1938 875 2022 plenam
897 1936 936 2003 de
961 1936 1072 2004 mundi
1094 1936 1257 2002 miraculis
1290 1935 1356 2002 dis-

173 2067 178 2092 ¹
260 2047 465 2131 quisitionem
488 2046 531 2116 ad
556 2047 647 2113 aliud
667 2054 791 2130 tempus
813 2046 1041 2114 remittendam
1062 2045 1184 2132 putaui.
1226 2045 1356 2111 interim

262 2163 425 2240 tamquam
445 2156 676 2240 promulsidem
698 2155 762 2222 duo
796 2175 878 2238 quae
895 2155 1084 2240 separatim
1117 2155 1250 2224 tractari
1282 2175 1356 2238 pos-

263 2272 337 2332 sunt
358 2264 467 2348 capita
489 2284 590 2348 eaque
612 2285 716 2348 neque
739 2264 846 2330 aliena
868 2264 909 2330 ab
941 2264 1003 2330 hac
1033 2264 1356 2348 quaestionemque,

260 2379 295 2439 ut
317 2393 419 2458 spero,
442 2393 525 2456 quae
546 2374 726 2440 accuratius
749 2373 961 2458 inspiciantur
984 2371 1131 2458 indigna
1148 2373 1182 2438 in
1213 2371 1354 2440 medium

266 2484 436 2568 proferam.
458 2491 533 2550 sunt
555 2490 661 2550 autem
683 2503 722 2550 ea
743 2481 969 2566 chmpelii
988 2482 1062 2556 libri
1085 2481 1280 2549 memorialis
1301 2502 1356 2548 ea-

262 2591 329 2675 pite
349 2592 429 2658 VIII
451 2594 482 2656 et
504 2590 544 2656 de
567 2591 761 2658 Philonis
785 2591 977 2675 Byzantii
1010 2589 1088 2674 aspi
1117 2585 1200 2656 sauci
1227 2584 1356 2672 θεαμά-

259 2721 326 2764 των
347 2699 467 2766 libello.

358 2953 375 3002 2
396 2950 426 3002 in
444 2951 675 3004 commentstIone
695 2951 812 3021 »koenig
829 2950 978 3006 Mausollos
996 2951 1054 3006 und
1071 2949 1120 3004 das
1138 2950 1307 3006 Mausoleum
1325 2953 1355 3005 in

260 3044 462 3101 Hnikarnasss
508 3046 644 3114 inscripta
668 3046 734 3110 (Eos
751 3046 767 3106 Ι,
790 3046 890 3116 (1864).
919 3049 946 3118 p'.
965 3049 1129 3104 als-400.
1165 3047 1201 3102 cf.
1228 3049 1356 3118 inprimis

260 3158 286 3210 p.
305 3143 356 3196 346
373 3159 412 3212 sq.
433 3140 484 3196 383
504 3140 581 3212 sqq).
621 3143 726 3196 errauit
744 3143 831 3211 igitur
848 3143 886 3198 M.
906 3143 1074 3201 Schmidtius
1093 3144 1141 3214 qui
1165 3143 1245 3214 (Mus.
1264 3144 1354 3198 Rhen.

261 3238 313 3292 XX
332 3223 365 3306 'p.
384 3237 447 3308 298)
471 3237 603 3292 Haasium
627 3237 662 3292 de
685 3238 781 3293 mundi
811 3239 949 3294 miraculis
975 3240 1123 3296 uouisslmc
1150 3241 1234 3298 uerba
1258 3240 1354 3296 fecisse

146 3351 151 3360 ·
261 3332 341 3388 dixit.
