3010 4904
663 381 700 444 21

136 569 257 634 elutum
267 571 302 654 ³²,
323 571 463 656 Ampelii
484 572 592 637 uerbis
624 572 819 655 inlustretur,
853 571 894 636 de
926 591 988 654 quo
1017 590 1081 636 non
1104 577 1153 636 est
1165 591 1231 636 -eur

135 678 250 743 eadem
272 680 339 745 fere
367 687 462 763 atque
495 681 535 746 de
557 681 727 747 Lebadeae
759 682 887 754 oreoulo
924 682 1068 746 homines
1101 680 1229 764 praedi-

135 807 227 884 oasse
249 809 410 872 negemus.
495 789 586 868 Quae
607 790 636 856 si
658 809 734 856 uere
756 791 920 874 disputata
937 796 1022 873 sunt,
1046 811 1109 856 non
1139 789 1229 854 uide·

70 939 73 944 -
133 897 241 962 bimur
263 896 399 964 calidius
422 917 518 981 quam
540 898 773 964 consideratius
795 899 1021 982 argumentari,
1043 919 1115 963 oum
1125 899 1229 981 Argos

135 1007 229 1090 Epiri
250 1006 412 1105 oppidum,
434 1009 476 1072 ab
498 1029 536 1073 eo
557 1008 694 1073 fortasse
720 1007 805 1090 quod
828 1014 941 1074 ootauo
961 1009 1032 1073 loeo
1048 1007 1228 1091 Stephanus

133 1116 244 1200 posuit
264 1137 327 1182 non
350 1116 522 1201 diuersum,
556 1137 655 1201 prope
677 1117 890 1182 Aeherontem
909 1117 1027 1182 flumen
1047 1116 1135 1182 haud
1157 1138 1228 1201 pro-

135 1225 187 1290 oul
210 1246 229 1288 a
250 1226 331 1290 mari
349 1226 444 1291 situm
458 1225 558 1291 fuisse
573 1226 758 1291 dixerimus.
792 1226 882 1292 ouius
904 1227 1001 1310 urbis,
1024 1227 1105 1292 alias
1123 1226 1229 1311 quoad

135 1334 238 1399 seiam
260 1355 298 1400 eo
317 1335 446 1417 quidem
468 1337 596 1402 nomine
616 1357 680 1402 non
702 1342 904 1420 memoratae,
926 1357 1002 1401 num
1030 1323 1111 1401 forte
1140 1336 1229 1401 aliud

135 1443 292 1509 indioium
313 1450 399 1509 extet
407 1448 442 1529 ³⁸,
475 1445 534 1510 alii
556 1446 718 1510 rimentur.
761 1445 843 1511 illud
870 1452 977 1510 tamen
1009 1445 1094 1528 quod
1115 1445 1229 1511 Strabo

135 1551 221 1617 Mela
241 1553 366 1618 Plinius
387 1553 590 1620 Ptolemaeus
611 1573 714 1637 neque
735 1555 823 1621 illius
854 1556 943 1621 urbis
974 1575 1078 1638 neque
1107 1555 1230 1621 oraouli

136 1662 330 1748 mentionem
352 1663 483 1748 laniunt,
507 1683 602 1748 posse
635 1662 824 1730 dooumento
855 1683 926 1731 esse
960 1666 1145 1747 monuerim,
1177 1666 1229 1730 oui

135 1791 195 1836 sua
209 1771 375 1854 Ampelius
398 1771 493 1837 debet
515 1772 703 1856 seriptorem
723 1773 822 1838 multo
844 1774 911 1838 illis
926 1773 1027 1839 fuisse
1047 1774 1187 1857 priorem
1194 1776 1229 1838 ⁸⁴.

235 1881 285 1946 De
318 1881 524 1947 Leuoatae
554 1882 672 1947 montis
708 1882 863 1947 miraoulo
895 1902 967 1946 oum
998 1903 1062 1948 non
1093 1883 1230 1948 habeam
1239 1887 1335 1980 Migo

136 1990 223 2073 quod
254 1990 438 2078 addendum
473 1991 654 2056 existimem
683 2027 723 2036 -—
751 1997 859 2056 tantus
891 1992 976 2056 euim
1006 1992 1231 2075 Ampelianam

134 2100 218 2165 inter
240 2100 469 2184 Strabonisque
503 2099 546 2184 (p.
562 2101 638 2182 452)
670 2101 886 2166 narrationem
922 2120 1096 2166 eonsensus
1128 2109 1177 2166 est
1196 2108 1231 2166 ut

139 2227 180 2272 ex
202 2209 315 2274 eodem
334 2216 468 2293 utraque
500 2210 588 2275 tonte
620 2209 771 2293 (Ephoro,
793 2210 828 2274 ni
849 2209 957 2292 fallor)
981 2209 1127 2275 deriuata
1160 2230 1230 2276 esse

138 2317 288 2383 uideatur
308 2353 348 2364 -
370 2319 413 2383 ad
434 2317 452 2400 ἕ
469 2321 496 2382 5.
518 2338 569 2383 me
590 2323 722 2401 uertam,
745 2318 779 2383 in
807 2338 871 2400 qua
892 2338 974 2401 qnae
1005 2320 1156 2403 leguntur
1176 2340 1230 2385 ex·

1336 1939 1384 1980 ade.

1238 2481 1267 2522 ee
1280 2429 1385 2530 sidone.

135 2426 343 2511 plioationem
364 2427 548 2493 desiderent
576 2427 740 2510 aliquanto
764 2427 984 2510 copiosiorem.
1028 2428 1069 2493 Et
1091 2429 1131 2495 de
1152 2436 1229 2494 tem-

135 2536 189 2620 plo
222 2536 351 2618 quidem
384 2537 543 2621 Apollinis
575 2537 755 2602 Pausaniae
790 2537 844 2621 (ll,
869 2541 896 2601 7.
919 2536 961 2618 8.)
994 2515 1095 2604 uerba
1128 2539 1228 2623 inpri-

136 2645 197 2709 mis
218 2645 423 2731 respioienda
443 2652 525 2730 sunt,
557 2665 619 2728 quo
642 2665 735 2711 nemo
768 2647 853 2711 siout
884 2646 925 2712 de
956 2647 1053 2712 totius
1080 2647 1228 2732 Sieyonis
1338 2701 1339 2706 ,
1458 2671 1464 2682 ·

136 2752 200 2818 situ
233 2760 264 2818 61
296 2753 498 2838 oondieione,
531 2755 577 2820 ita
608 2754 648 2820 (16
680 2755 738 2820 illa
770 2755 850 2820 aede
884 2757 1064 2821 aeeuratius
1098 2757 1227 2823 rettulit.
1286 2814 1290 2828 .

138 2861 261 2939 Quibus
285 2862 458 2947 diligenter
476 2863 644 2947 perpensis
665 2863 832 2948 primaque
862 2863 1006 2930 eiusdem
1036 2865 1151 2949 eapitis
1171 2885 1227 2949 pa-

137 2972 295 3056 ragrapho
312 2971 347 3036 in
367 2973 637 3055 comparationem
652 2978 767 3038 uooata
783 2971 1043 3056 Ampelianorum
1056 2979 1228 3058 auctorem,

234 3223 268 3277 32
285 3221 351 3276 Hdt.
365 3222 397 3277 V.
416 3223 459 3277 92.
471 3224 495 3276 l.
520 3222 555 3277 ef.
575 3222 701 3280 Bursian.
714 3223 746 3278 G.
758 3224 789 3278 G.
809 3224 821 3277 I
839 3242 866 3294 p.
882 3225 918 3277 27
936 3223 1050 3293 (Paully.
1070 3223 1103 3279 R.
1113 3223 1182 3279 Euo.
1205 3225 1227 3290 1,

135 3337 162 3390 p.
181 3320 234 3387 80).
270 3318 383 3373 Ρ161161.
401 3320 447 3372 tir.
467 3319 555 3389 Myth.
577 3320 588 3352 ³
605 3319 618 3372 I
636 3337 663 3389 p.
686 3321 746 3376 665.

234 3419 269 3470 33
297 3415 332 3470 (16
348 3415 410 3485 ipsa
427 3415 541 3498 ipphyre
558 3418 628 3472 urbe
647 3419 772 3488 cogitare
794 3417 922 3487 equidem
940 3435 996 3472 non
1020 3416 1116 3480 ausim,
1135 3433 1228 3485 quam·

132 3529 214 3582 quam
243 3511 283 3567 ibi
301 3513 475 3581 potissimum
493 3511 527 3566 de
545 3512 643 3568 Medea
668 3513 775 3568 lebulas
802 3515 931 3568 nouimus
959 3513 1135 3568 circumlatas
1160 3529 1227 3567 esse.

134 3610 168 3662 el.
187 3609 266 3663 Euat.
288 3609 323 3662 ad
343 3607 392 3662 Od.
410 3608 424 3662 Ι
442 3628 468 3664 u.
488 3611 541 3664 260
559 3609 624 3679 (nol.
645 3611 666 3674 1,
686 3628 713 3680 p.
726 3613 768 3676 56,
781 3613 814 3664 22
826 3628 884 3680 sqq.
898 3610 941 3665 ed.
952 3610 1038 3680 Lips.)
1056 3609 1127 3664 oonl.
1146 3606 1227 3663 Pauo.

132 3705 168 3760 11.
185 3708 208 3759 3.
230 3705 254 3759 9.
273 3735 308 3744 -
340 3723 375 3759 au
394 3711 574 3776 e‘eorrupta
604 3707 753 3777 ›ippaton‹
781 3725 850 3763 nooe
879 3713 1008 3761 ›Bartae‹
1036 3705 1156 3759 nominis
1184 3705 1229 3775 (de

135 3818 188 3871 quo
207 3802 369 3872 nonmegis
388 3805 506 3857 constet.
526 3803 562 3856 ef.
577 3803 669 3858 Strab.
688 3821 715 3872 p.
728 3804 787 3858 324.
805 3803 932 3859 Bursian.
949 3803 977 3857 ll.
990 3820 1018 3871 p.
1032 3803 1066 3855 29
1078 3803 1127 3872 sq.)
1146 3802 1229 3856 uesti-

133 3897 180 3970 gia
198 3899 337 3952 extricare
357 3897 476 3953 licebitl

236 3997 270 4047 34
296 3994 381 4048 immo
402 3997 456 4049 hau
477 3996 535 4050 seio
554 4013 589 4049 an
611 3995 641 4049 in
665 4011 759 4049 earum
778 3993 852 4048 LXX
876 3992 987 4048 urbium
1004 4010 1119 4048 numero
1136 3994 1227 4064 Argos

134 4090 219 4145 luerit
237 4107 308 4160 quae
326 4107 349 4144 a.
369 4109 396 4144 u.
416 4093 475 4146 587.
495 4091 606 4146 dirutae
626 4096 698 4146 sunt.
730 4107 845 4161 quarum
863 4089 998 4160 plurimas
1014 4089 1104 4144 Strab.
1124 4108 1149 4158 p.
1165 4090 1225 4143 322.

133 4186 280 4256 Polybium
299 4191 411 4242 sequtus
428 4187 590 4243 Molossioas
615 4187 702 4242 luisse
718 4190 848 4243 testatur.
895 4185 928 4242 el.
947 4185 1007 4242 Liu.
1026 4187 1069 4247 45.
1088 4186 1131 4250 34,
1151 4187 1167 4240 5
1184 4201 1224 4254 sq.

134 4283 207 4354 App.
228 4282 305 4353 lllyr.
325 4285 349 4340 9.
381 4283 451 4338 Ρ111.
470 4283 517 4352 IV,
536 4287 577 4339 39.
