<?xml version="1.0" encoding="UTF-8"?>
<!DOCTYPE html PUBLIC "-//W3C//DTD XHTML 1.0 Transitional//EN"
    "http://www.w3.org/TR/xhtml1/DTD/xhtml1-transitional.dtd">
<html xmlns="http://www.w3.org/1999/xhtml" xml:lang="en" lang="en">
 <head>
  <title>
</title>
<meta http-equiv="Content-Type" content="text/html;charset=utf-8" />
  <meta name='ocr-system' content='tesseract 3.04.00' />
  <meta name='ocr-capabilities' content='ocr_page ocr_carea ocr_par ocr_line ocrx_word'/>
</head>
<body>
  <div class='ocr_page' id='page_1' title='image "./demundimiraculi00rohdgoog_0031.png"; bbox 0 0 3010 4904; ppageno 0'>
   <div class='ocr_carea' id='block_1_1' title="bbox 801 367 840 428">
    <p class='ocr_par' dir='ltr' id='par_1_1' title="bbox 801 275 1501 428">
     <span class='ocr_line' id='line_1_1' title="bbox 801 367 840 428; baseline -0.009 0"><span class='ocrx_word' id='word_1_1' title='bbox 801 367 840 428; x_wconf 81' lang='lat'>22</span> 
     </span>
    </p>
   </div>
   <div class='ocr_carea' id='block_1_2' title="bbox 134 544 1373 2273">
    <p class='ocr_par' dir='ltr' id='par_1_2' title="bbox 273 439 1501 1508">
     <span class='ocr_line' id='line_1_2' title="bbox 274 544 1372 639; baseline -0.001 -18"><span class='ocrx_word' id='word_1_2' title='bbox 274 556 424 638; x_wconf 90' lang='lat' dir='ltr'>quoniam</span> <span class='ocrx_word' id='word_1_3' title='bbox 446 544 488 620; x_wconf 83' lang='lat' dir='ltr'>in</span> <span class='ocrx_word' id='word_1_4' title='bbox 509 555 596 620; x_wconf 84' lang='lat' dir='ltr'>foro</span> <span class='ocrx_word' id='word_1_5' title='bbox 617 554 777 639; x_wconf 83' lang='lat' dir='ltr'>Apollinis</span> <span class='ocrx_word' id='word_1_6' title='bbox 799 552 913 620; x_wconf 87' lang='lat' dir='ltr'>aedem</span> <span class='ocrx_word' id='word_1_7' title='bbox 934 554 1035 620; x_wconf 85' lang='lat' dir='ltr'>l&#39;uisse</span> <span class='ocrx_word' id='word_1_8' title='bbox 1062 553 1154 637; x_wconf 85' lang='lat' dir='ltr'>dixit,</span> <span class='ocrx_word' id='word_1_9' title='bbox 1187 559 1260 638; x_wconf 90' lang='lat' dir='ltr'>post</span> <span class='ocrx_word' id='word_1_10' title='bbox 1291 574 1320 618; x_wconf 90' lang='lat' dir='ltr'>a.</span> <span class='ocrx_word' id='word_1_11' title='bbox 1339 575 1372 620; x_wconf 89' lang='lat' dir='ltr'>u.</span> 
     </span>
     <span class='ocr_line' id='line_1_3' title="bbox 274 661 1373 747; baseline -0.002 -18"><span class='ocrx_word' id='word_1_12' title='bbox 274 669 329 729; x_wconf 85' lang='grc'>451</span> <span class='ocrx_word' id='word_1_13' title='bbox 346 663 514 747; x_wconf 79' lang='lat' dir='ltr'>scripsisse</span> <span class='ocrx_word' id='word_1_14' title='bbox 525 663 693 745; x_wconf 81' lang='lat' dir='ltr'>intelleges</span> <span class='ocrx_word' id='word_1_15' title='bbox 706 662 759 744; x_wconf 87' lang='lat' dir='ltr'>(of.</span> <span class='ocrx_word' id='word_1_16' title='bbox 773 661 911 746; x_wconf 79' lang='lat' dir='ltr'>Curtius,</span> <span class='ocrx_word' id='word_1_17' title='bbox 926 662 1099 746; x_wconf 85' lang='lat' dir='ltr'>Pelopoun.</span> <span class='ocrx_word' id='word_1_18' title='bbox 1111 663 1144 728; x_wconf 91' lang='lat' dir='ltr'>Il</span> <span class='ocrx_word' id='word_1_19' title='bbox 1159 683 1189 745; x_wconf 90' lang='lat' dir='ltr'>p.</span> <span class='ocrx_word' id='word_1_20' title='bbox 1200 665 1260 726; x_wconf 81' lang='lat'>492</span> <span class='ocrx_word' id='word_1_21' title='bbox 1272 663 1326 738; x_wconf 76' lang='lat' dir='ltr'>m.)</span> <span class='ocrx_word' id='word_1_22' title='bbox 1336 665 1373 727; x_wconf 79' lang='lat'>³⁵.</span> 
     </span>
     <span class='ocr_line' id='line_1_4' title="bbox 273 771 1369 856; baseline -0.002 -18"><span class='ocrx_word' id='word_1_23' title='bbox 273 772 453 839; x_wconf 90' lang='lat' dir='ltr'>Dolendum</span> <span class='ocrx_word' id='word_1_24' title='bbox 476 791 553 837; x_wconf 89' lang='lat' dir='ltr'>sane</span> <span class='ocrx_word' id='word_1_25' title='bbox 576 777 624 836; x_wconf 90' lang='lat' dir='ltr'>est</span> <span class='ocrx_word' id='word_1_26' title='bbox 657 771 751 856; x_wconf 86' lang='lat' dir='ltr'>quod,</span> <span class='ocrx_word' id='word_1_27' title='bbox 778 775 872 855; x_wconf 91' lang='lat' dir='ltr'>post</span> <span class='ocrx_word' id='word_1_28' title='bbox 891 791 987 854; x_wconf 88' lang='lat' dir='ltr'>quem</span> <span class='ocrx_word' id='word_1_29' title='bbox 1011 792 1129 837; x_wconf 89' lang='lat' dir='ltr'>annum</span> <span class='ocrx_word' id='word_1_30' title='bbox 1150 771 1230 838; x_wconf 87' lang='lat' dir='ltr'>haee</span> <span class='ocrx_word' id='word_1_31' title='bbox 1253 771 1295 836; x_wconf 89' lang='lat' dir='ltr'>de</span> <span class='ocrx_word' id='word_1_32' title='bbox 1318 771 1369 837; x_wconf 85' lang='lat' dir='ltr'>si-</span> 
     </span>
     <span class='ocr_line' id='line_1_5' title="bbox 273 879 1370 967; baseline -0.002 -18"><span class='ocrx_word' id='word_1_33' title='bbox 273 903 374 967; x_wconf 87' lang='lat' dir='ltr'>cyone</span> <span class='ocrx_word' id='word_1_34' title='bbox 396 881 503 947; x_wconf 89' lang='lat' dir='ltr'>omnia</span> <span class='ocrx_word' id='word_1_35' title='bbox 523 901 587 946; x_wconf 90' lang='lat' dir='ltr'>non</span> <span class='ocrx_word' id='word_1_36' title='bbox 607 882 769 964; x_wconf 90' lang='lat' dir='ltr'>potuerint</span> <span class='ocrx_word' id='word_1_37' title='bbox 789 881 864 964; x_wconf 89' lang='lat' dir='ltr'>diei,</span> <span class='ocrx_word' id='word_1_38' title='bbox 896 879 983 946; x_wconf 89' lang='lat' dir='ltr'>haud</span> <span class='ocrx_word' id='word_1_39' title='bbox 1015 880 1092 946; x_wconf 89' lang='lat' dir='ltr'>item</span> <span class='ocrx_word' id='word_1_40' title='bbox 1124 879 1251 947; x_wconf 88' lang='lat' dir='ltr'>definiri</span> <span class='ocrx_word' id='word_1_41' title='bbox 1284 880 1370 947; x_wconf 90' lang='lat' dir='ltr'>licet.</span> 
     </span>
     <span class='ocr_line' id='line_1_6' title="bbox 273 988 1371 1060; baseline -0.004 -2"><span class='ocrx_word' id='word_1_42' title='bbox 273 991 422 1058; x_wconf 92' lang='lat' dir='ltr'>etenime</span> <span class='ocrx_word' id='word_1_43' title='bbox 439 989 620 1056; x_wconf 86' lang='lat' dir='ltr'>Pausaniae</span> <span class='ocrx_word' id='word_1_44' title='bbox 642 990 749 1056; x_wconf 89' lang='lat' dir='ltr'>uerbis</span> <span class='ocrx_word' id='word_1_45' title='bbox 773 988 901 1054; x_wconf 86' lang='lat' dir='ltr'>tametsi</span> <span class='ocrx_word' id='word_1_46' title='bbox 922 990 1001 1054; x_wconf 84' lang='lat' dir='ltr'>satis</span> <span class='ocrx_word' id='word_1_47' title='bbox 1023 990 1127 1054; x_wconf 88' lang='lat' dir='ltr'>elucet</span> <span class='ocrx_word' id='word_1_48' title='bbox 1151 988 1240 1060; x_wconf 90' lang='lat' dir='ltr'>illius</span> <span class='ocrx_word' id='word_1_49' title='bbox 1262 995 1371 1054; x_wconf 88' lang='lat' dir='ltr'>aetate</span> 
     </span>
     <span class='ocr_line' id='line_1_7' title="bbox 274 1095 1371 1182; baseline -0.006 -16"><span class='ocrx_word' id='word_1_50' title='bbox 274 1100 331 1166; x_wconf 92' lang='lat' dir='ltr'>diu</span> <span class='ocrx_word' id='word_1_51' title='bbox 350 1100 416 1165; x_wconf 87' lang='lat' dir='ltr'>ianr</span> <span class='ocrx_word' id='word_1_52' title='bbox 437 1098 590 1182; x_wconf 86' lang='lat' dir='ltr'>templum</span> <span class='ocrx_word' id='word_1_53' title='bbox 611 1097 761 1164; x_wconf 90' lang='lat' dir='ltr'>incendio</span> <span class='ocrx_word' id='word_1_54' title='bbox 794 1097 934 1163; x_wconf 85' lang='lat' dir='ltr'>deletum</span> <span class='ocrx_word' id='word_1_55' title='bbox 967 1097 1115 1182; x_wconf 78' lang='lat' dir='ltr'>fuisse³⁶,</span> <span class='ocrx_word' id='word_1_56' title='bbox 1147 1117 1219 1162; x_wconf 88' lang='lat' dir='ltr'>oum</span> <span class='ocrx_word' id='word_1_57' title='bbox 1250 1095 1371 1160; x_wconf 87' lang='lat' dir='ltr'>ueteris</span> 
     </span>
     <span class='ocr_line' id='line_1_8' title="bbox 274 1204 1370 1290; baseline -0.005 -16"><span class='ocrx_word' id='word_1_58' title='bbox 274 1210 345 1274; x_wconf 90' lang='lat' dir='ltr'>loco</span> <span class='ocrx_word' id='word_1_59' title='bbox 370 1206 459 1272; x_wconf 89' lang='lat' dir='ltr'>aliud</span> <span class='ocrx_word' id='word_1_60' title='bbox 482 1208 537 1272; x_wconf 91' lang='lat' dir='ltr'>ille</span> <span class='ocrx_word' id='word_1_61' title='bbox 564 1229 585 1272; x_wconf 89' lang='lat' dir='ltr'>a</span> <span class='ocrx_word' id='word_1_62' title='bbox 603 1207 758 1290; x_wconf 91' lang='lat' dir='ltr'>Pythocle</span> <span class='ocrx_word' id='word_1_63' title='bbox 781 1205 964 1272; x_wconf 88' lang='lat' dir='ltr'>dedicatum</span> <span class='ocrx_word' id='word_1_64' title='bbox 986 1204 1123 1272; x_wconf 85' lang='lat' dir='ltr'>uiderit:</span> <span class='ocrx_word' id='word_1_65' title='bbox 1156 1213 1264 1271; x_wconf 86' lang='lat' dir='ltr'>tamen</span> <span class='ocrx_word' id='word_1_66' title='bbox 1292 1222 1370 1286; x_wconf 88' lang='lat' dir='ltr'>quo·</span> 
     </span>
     <span class='ocr_line' id='line_1_9' title="bbox 275 1311 1372 1400; baseline -0.004 -18"><span class='ocrx_word' id='word_1_67' title='bbox 275 1317 363 1382; x_wconf 90' lang='lat' dir='ltr'>niam</span> <span class='ocrx_word' id='word_1_68' title='bbox 375 1317 435 1381; x_wconf 82' lang='lat' dir='ltr'>neb</span> <span class='ocrx_word' id='word_1_69' title='bbox 448 1315 488 1381; x_wconf 91' lang='lat' dir='ltr'>de</span> <span class='ocrx_word' id='word_1_70' title='bbox 499 1316 643 1382; x_wconf 88' lang='lat' dir='ltr'>incendii</span> <span class='ocrx_word' id='word_1_71' title='bbox 655 1315 842 1400; x_wconf 72' lang='lat' dir='ltr'>quidquam,</span> <span class='ocrx_word' id='word_1_72' title='bbox 862 1335 922 1381; x_wconf 91' lang='lat' dir='ltr'>nec</span> <span class='ocrx_word' id='word_1_73' title='bbox 944 1315 985 1380; x_wconf 92' lang='lat' dir='ltr'>de</span> <span class='ocrx_word' id='word_1_74' title='bbox 1000 1315 1167 1400; x_wconf 86' lang='lat' dir='ltr'>Pythoclis</span> <span class='ocrx_word' id='word_1_75' title='bbox 1188 1311 1372 1398; x_wconf 76' lang='lat' dir='ltr'>tempore⁸⁷</span> 
     </span>
     <span class='ocr_line' id='line_1_10' title="bbox 276 1406 1219 1508; baseline 0.004 -20"><span class='ocrx_word' id='word_1_76' title='bbox 276 1423 431 1508; x_wconf 83' lang='lat' dir='ltr'>adiunxit,</span> <span class='ocrx_word' id='word_1_77' title='bbox 452 1425 530 1507; x_wconf 92' lang='lat' dir='ltr'>quid</span> <span class='ocrx_word' id='word_1_78' title='bbox 551 1426 598 1490; x_wconf 92' lang='lat' dir='ltr'>rei</span> <span class='ocrx_word' id='word_1_79' title='bbox 620 1424 662 1490; x_wconf 90' lang='lat' dir='ltr'>sit</span> <span class='ocrx_word' id='word_1_80' title='bbox 683 1445 746 1490; x_wconf 89' lang='lat' dir='ltr'>non</span> <span class='ocrx_word' id='word_1_81' title='bbox 767 1406 1042 1508; x_wconf 81' lang='lat' dir='ltr'>inuestigabimua.</span> <span class='ocrx_word' id='word_1_82' title='bbox 1218 1487 1219 1492; x_wconf 75' lang='grc'>,</span> 
     </span>
    </p>

    <p class='ocr_par' dir='ltr' id='par_1_3' title="bbox 134 1511 1372 1624">
     <span class='ocr_line' id='line_1_11' title="bbox 134 1511 1372 1624; baseline -0.006 -20"><span class='ocrx_word' id='word_1_83' title='bbox 134 1563 163 1604; x_wconf 71' lang='lat' dir='ltr'>aa</span> <span class='ocrx_word' id='word_1_84' title='bbox 184 1563 252 1624; x_wconf 70' lang='lat' dir='ltr'>aona</span> <span class='ocrx_word' id='word_1_85' title='bbox 353 1511 426 1598; x_wconf 81' lang='lat' dir='ltr'>¹Ad</span> <span class='ocrx_word' id='word_1_86' title='bbox 447 1532 553 1598; x_wconf 87' lang='lat' dir='ltr'>dona</span> <span class='ocrx_word' id='word_1_87' title='bbox 573 1532 718 1597; x_wconf 88' lang='lat' dir='ltr'>uotiua</span> <span class='ocrx_word' id='word_1_88' title='bbox 747 1531 833 1615; x_wconf 90' lang='lat' dir='ltr'>qued</span> <span class='ocrx_word' id='word_1_89' title='bbox 855 1531 979 1596; x_wconf 86' lang='lat' dir='ltr'>adtinet</span> <span class='ocrx_word' id='word_1_90' title='bbox 1008 1532 1118 1615; x_wconf 80' lang='lat' dir='ltr'>grauis</span> <span class='ocrx_word' id='word_1_91' title='bbox 1149 1551 1207 1616; x_wconf 92' lang='lat' dir='ltr'>pro</span> <span class='ocrx_word' id='word_1_92' title='bbox 1229 1531 1372 1615; x_wconf 83' lang='lat' dir='ltr'>Ampelii</span> 
     </span>
    </p>

    <p class='ocr_par' dir='ltr' id='par_1_4' title="bbox 145 1614 1372 2273">
     <span class='ocr_line' id='line_1_12' title="bbox 145 1614 1370 1725; baseline -0.002 -16"><span class='ocrx_word' id='word_1_93' title='bbox 145 1614 241 1654; x_wconf 55' lang='lat' dir='ltr'>mm</span> <span class='ocrx_word' id='word_1_94' title='bbox 276 1643 340 1710; x_wconf 92' lang='lat' dir='ltr'>fide</span> <span class='ocrx_word' id='word_1_95' title='bbox 361 1645 452 1710; x_wconf 88' lang='lat' dir='ltr'>testis</span> <span class='ocrx_word' id='word_1_96' title='bbox 475 1640 600 1706; x_wconf 80' lang='lat' dir='ltr'>accedit</span> <span class='ocrx_word' id='word_1_97' title='bbox 619 1641 814 1722; x_wconf 61' lang='lat' dir='ltr'>Pausanias„</span> <span class='ocrx_word' id='word_1_98' title='bbox 849 1641 905 1724; x_wconf 87' lang='lat' dir='ltr'>qui</span> <span class='ocrx_word' id='word_1_99' title='bbox 933 1641 988 1724; x_wconf 89' lang='lat' dir='ltr'>(II,</span> <span class='ocrx_word' id='word_1_100' title='bbox 1005 1645 1033 1725; x_wconf 83' lang='lat'>7,</span> <span class='ocrx_word' id='word_1_101' title='bbox 1049 1641 1082 1720; x_wconf 83' lang='lat'>9)</span> <span class='ocrx_word' id='word_1_102' title='bbox 1105 1661 1178 1706; x_wconf 90' lang='lat' dir='ltr'>cum</span> <span class='ocrx_word' id='word_1_103' title='bbox 1198 1662 1263 1706; x_wconf 91' lang='lat' dir='ltr'>non</span> <span class='ocrx_word' id='word_1_104' title='bbox 1284 1642 1370 1706; x_wconf 92' lang='lat' dir='ltr'>eius·</span> 
     </span>
     <span class='ocr_line' id='line_1_13' title="bbox 276 1749 1371 1835; baseline -0.002 -17"><span class='ocrx_word' id='word_1_105' title='bbox 276 1752 365 1818; x_wconf 90' lang='lat' dir='ltr'>modi</span> <span class='ocrx_word' id='word_1_106' title='bbox 386 1753 488 1818; x_wconf 92' lang='lat' dir='ltr'>solum</span> <span class='ocrx_word' id='word_1_107' title='bbox 508 1750 664 1832; x_wconf 78' lang='lat' dir='ltr'>reliquias</span> <span class='ocrx_word' id='word_1_108' title='bbox 685 1771 760 1816; x_wconf 90' lang='lat' dir='ltr'>uere</span> <span class='ocrx_word' id='word_1_109' title='bbox 781 1751 816 1816; x_wconf 90' lang='lat' dir='ltr'>in</span> <span class='ocrx_word' id='word_1_110' title='bbox 837 1750 895 1815; x_wconf 87' lang='lat' dir='ltr'>illa</span> <span class='ocrx_word' id='word_1_111' title='bbox 916 1749 997 1817; x_wconf 85' lang='lat' dir='ltr'>aede</span> <span class='ocrx_word' id='word_1_112' title='bbox 1027 1751 1174 1816; x_wconf 77' lang='lat' dir='ltr'>extitisse</span> <span class='ocrx_word' id='word_1_113' title='bbox 1208 1750 1371 1835; x_wconf 85' lang='lat' dir='ltr'>quondam</span> 
     </span>
     <span class='ocr_line' id='line_1_14' title="bbox 276 1848 1371 1946; baseline -0.005 -18"><span class='ocrx_word' id='word_1_114' title='bbox 276 1862 392 1946; x_wconf 82' lang='lat' dir='ltr'>tradat,</span> <span class='ocrx_word' id='word_1_115' title='bbox 421 1880 534 1926; x_wconf 89' lang='lat' dir='ltr'>uerum</span> <span class='ocrx_word' id='word_1_116' title='bbox 563 1857 636 1940; x_wconf 78' lang='lat' dir='ltr'>„aui</span> <span class='ocrx_word' id='word_1_117' title='bbox 656 1849 774 1937; x_wconf 73' lang='grc' dir='ltr'><em>αὐλούς</em></span> <span class='ocrx_word' id='word_1_118' title='bbox 795 1848 995 1943; x_wconf 74' lang='grc' dir='ltr'><em>ἀνατεθῆναί</em></span> <span class='ocrx_word' id='word_1_119' title='bbox 1025 1881 1125 1946; x_wconf 77' lang='grc' dir='ltr'><em>φασιν</em></span> <span class='ocrx_word' id='word_1_120' title='bbox 1146 1857 1289 1924; x_wconf 70' lang='grc' dir='ltr'><strong><em>ἐνταῦθα</em></strong></span> <span class='ocrx_word' id='word_1_121' title='bbox 1309 1861 1371 1924; x_wconf 84' lang='grc' dir='ltr'>τοῦ</span> 
     </span>
     <span class='ocr_line' id='line_1_15' title="bbox 277 1962 1372 2060; baseline -0.002 -24"><span class='ocrx_word' id='word_1_122' title='bbox 277 1962 459 2054; x_wconf 63' lang='lat' dir='ltr'>mapulam</span> <span class='ocrx_word' id='word_1_123' title='bbox 483 1977 515 2034; x_wconf 91' lang='lat' dir='ltr'>et</span> <span class='ocrx_word' id='word_1_124' title='bbox 535 1969 605 2053; x_wconf 88' lang='lat' dir='ltr'>ipse</span> <span class='ocrx_word' id='word_1_125' title='bbox 627 1968 774 2060; x_wconf 85' lang='lat' dir='ltr'>adfirmet</span> <span class='ocrx_word' id='word_1_126' title='bbox 784 1970 821 2051; x_wconf 77' lang='lat'>³⁸,</span> <span class='ocrx_word' id='word_1_127' title='bbox 847 1969 966 2034; x_wconf 91' lang='lat' dir='ltr'>nullam</span> <span class='ocrx_word' id='word_1_128' title='bbox 990 1987 1060 2034; x_wconf 90' lang='lat' dir='ltr'>essa</span> <span class='ocrx_word' id='word_1_129' title='bbox 1084 1987 1215 2034; x_wconf 88' lang='lat' dir='ltr'>causam</span> <span class='ocrx_word' id='word_1_130' title='bbox 1236 1968 1372 2053; x_wconf 81' lang='lat' dir='ltr'>adparet</span> 
     </span>
     <span class='ocr_line' id='line_1_16' title="bbox 277 2077 1372 2164; baseline -0.005 -17"><span class='ocrx_word' id='word_1_131' title='bbox 277 2101 334 2148; x_wconf 89' lang='lat' dir='ltr'>eur</span> <span class='ocrx_word' id='word_1_132' title='bbox 355 2080 395 2146; x_wconf 91' lang='lat' dir='ltr'>de</span> <span class='ocrx_word' id='word_1_133' title='bbox 418 2079 533 2145; x_wconf 90' lang='lat' dir='ltr'>ceteris</span> <span class='ocrx_word' id='word_1_134' title='bbox 554 2078 701 2161; x_wconf 90' lang='lat' dir='ltr'>Ampelio</span> <span class='ocrx_word' id='word_1_135' title='bbox 722 2077 819 2143; x_wconf 91' lang='lat' dir='ltr'>fidem</span> <span class='ocrx_word' id='word_1_136' title='bbox 851 2077 1049 2161; x_wconf 72' lang='lat' dir='ltr'>derogemus,</span> <span class='ocrx_word' id='word_1_137' title='bbox 1076 2077 1267 2164; x_wconf 90' lang='lat' dir='ltr'>praesertim</span> <span class='ocrx_word' id='word_1_138' title='bbox 1298 2097 1372 2143; x_wconf 88' lang='lat' dir='ltr'>cum</span> 
     </span>
     <span class='ocr_line' id='line_1_17' title="bbox 278 2185 1372 2273; baseline -0.001 -20"><span class='ocrx_word' id='word_1_139' title='bbox 278 2189 344 2254; x_wconf 85' lang='lat' dir='ltr'>illis</span> <span class='ocrx_word' id='word_1_140' title='bbox 367 2194 521 2273; x_wconf 86' lang='lat' dir='ltr'>exparte</span> <span class='ocrx_word' id='word_1_141' title='bbox 545 2185 675 2270; x_wconf 91' lang='lat' dir='ltr'>quidem</span> <span class='ocrx_word' id='word_1_142' title='bbox 696 2186 778 2253; x_wconf 90' lang='lat' dir='ltr'>nihil</span> <span class='ocrx_word' id='word_1_143' title='bbox 800 2186 842 2252; x_wconf 91' lang='lat' dir='ltr'>sit</span> <span class='ocrx_word' id='word_1_144' title='bbox 864 2186 950 2268; x_wconf 95' lang='lat' dir='ltr'>quod</span> <span class='ocrx_word' id='word_1_145' title='bbox 981 2186 1087 2268; x_wconf 87' lang='lat' dir='ltr'>aptius</span> <span class='ocrx_word' id='word_1_146' title='bbox 1116 2186 1372 2252; x_wconf 89' lang='lat' dir='ltr'>conuenientius·</span> 
     </span>
    </p>
   </div>
   <div class='ocr_carea' id='block_1_3' title="bbox 204 2428 1501 4336">
    <p class='ocr_par' dir='ltr' id='par_1_5' title="bbox 277 2428 1374 2690">
     <span class='ocr_line' id='line_1_18' title="bbox 380 2428 1373 2499; baseline 0 -15"><span class='ocrx_word' id='word_1_147' title='bbox 380 2433 415 2484; x_wconf 81' lang='lat'>35</span> <span class='ocrx_word' id='word_1_148' title='bbox 434 2428 581 2484; x_wconf 88' lang='lat' dir='ltr'>Putauerit</span> <span class='ocrx_word' id='word_1_149' title='bbox 598 2428 705 2499; x_wconf 85' lang='lat' dir='ltr'>aliquis,</span> <span class='ocrx_word' id='word_1_150' title='bbox 730 2429 804 2498; x_wconf 91' lang='lat' dir='ltr'>quod</span> <span class='ocrx_word' id='word_1_151' title='bbox 823 2428 965 2499; x_wconf 82' lang='lat' dir='ltr'>Sicyonem</span> <span class='ocrx_word' id='word_1_152' title='bbox 988 2428 1027 2497; x_wconf 86' lang='lat' dir='ltr'>(at</span> <span class='ocrx_word' id='word_1_153' title='bbox 1055 2428 1155 2498; x_wconf 83' lang='lat' dir='ltr'>Argos)</span> <span class='ocrx_word' id='word_1_154' title='bbox 1180 2430 1215 2483; x_wconf 92' lang='lat' dir='ltr'>in</span> <span class='ocrx_word' id='word_1_155' title='bbox 1238 2430 1373 2485; x_wconf 81' lang='lat' dir='ltr'>Achaia</span> 
     </span>
     <span class='ocr_line' id='line_1_19' title="bbox 277 2511 1374 2600; baseline 0.002 -20"><span class='ocrx_word' id='word_1_156' title='bbox 277 2527 396 2596; x_wconf 83' lang='lat' dir='ltr'>scriptor</span> <span class='ocrx_word' id='word_1_157' title='bbox 415 2511 573 2600; x_wconf 70' lang='lat' dir='ltr'>conlocauit</span> <span class='ocrx_word' id='word_1_158' title='bbox 592 2529 697 2580; x_wconf 88' lang='lat' dir='ltr'>certum</span> <span class='ocrx_word' id='word_1_159' title='bbox 717 2541 774 2580; x_wconf 86' lang='lat' dir='ltr'>asse</span> <span class='ocrx_word' id='word_1_160' title='bbox 791 2525 890 2580; x_wconf 87' lang='lat' dir='ltr'>aetatis</span> <span class='ocrx_word' id='word_1_161' title='bbox 909 2525 998 2580; x_wconf 91' lang='lat' dir='ltr'>multo</span> <span class='ocrx_word' id='word_1_162' title='bbox 1013 2523 1304 2581; x_wconf 79' lang='lat' dir='ltr'>infcriorisiudioium.</span> <span class='ocrx_word' id='word_1_163' title='bbox 1325 2527 1374 2582; x_wconf 86' lang='lat' dir='ltr'>sed</span> 
     </span>
     <span class='ocr_line' id='line_1_20' title="bbox 277 2619 1372 2690; baseline -0.002 -14"><span class='ocrx_word' id='word_1_164' title='bbox 277 2622 320 2676; x_wconf 91' lang='lat' dir='ltr'>his</span> <span class='ocrx_word' id='word_1_165' title='bbox 338 2639 404 2676; x_wconf 85' lang='lat' dir='ltr'>caua</span> <span class='ocrx_word' id='word_1_166' title='bbox 422 2621 540 2676; x_wconf 90' lang='lat' dir='ltr'>nimium</span> <span class='ocrx_word' id='word_1_167' title='bbox 561 2620 676 2674; x_wconf 87' lang='lat' dir='ltr'>tribuas.</span> <span class='ocrx_word' id='word_1_168' title='bbox 695 2637 757 2674; x_wconf 85' lang='lat' dir='ltr'>nam</span> <span class='ocrx_word' id='word_1_169' title='bbox 776 2621 884 2674; x_wconf 86' lang='lat' dir='ltr'>etiamsi</span> <span class='ocrx_word' id='word_1_170' title='bbox 903 2619 1071 2674; x_wconf 88' lang='lat' dir='ltr'>ePlutarcbi</span> <span class='ocrx_word' id='word_1_171' title='bbox 1093 2620 1185 2674; x_wconf 87' lang='lat' dir='ltr'>uerbis</span> <span class='ocrx_word' id='word_1_172' title='bbox 1204 2621 1292 2689; x_wconf 81' lang='lat' dir='ltr'>(Aret</span> <span class='ocrx_word' id='word_1_173' title='bbox 1310 2639 1332 2678; x_wconf 88' lang='lat' dir='ltr'>a.</span> <span class='ocrx_word' id='word_1_174' title='bbox 1343 2623 1372 2690; x_wconf 86' lang='grc'>9)</span> 
     </span>
    </p>

    <p class='ocr_par' dir='ltr' id='par_1_6' title="bbox 204 2709 1373 3174">
     <span class='ocr_line' id='line_1_21' title="bbox 204 2709 1371 2790; baseline -0.005 -16"><span class='ocrx_word' id='word_1_175' title='bbox 204 2737 206 2742; x_wconf 76' lang='grc'>’</span> <span class='ocrx_word' id='word_1_176' title='bbox 280 2717 438 2774; x_wconf 75' lang='grc' dir='ltr'><em>»ὑπέδυσαν</em></span> <span class='ocrx_word' id='word_1_177' title='bbox 456 2717 504 2786; x_wconf 82' lang='lat' dir='ltr'>(sc.</span> <span class='ocrx_word' id='word_1_178' title='bbox 523 2717 654 2788; x_wconf 85' lang='lat' dir='ltr'>Sicyonii)</span> <span class='ocrx_word' id='word_1_179' title='bbox 675 2717 803 2790; x_wconf 63' lang='lat' dir='ltr'>{accolae</span> <span class='ocrx_word' id='word_1_180' title='bbox 821 2711 935 2788; x_wconf 77' lang='grc' dir='ltr'><strong><em>ὄνομα</em></strong></span> <span class='ocrx_word' id='word_1_181' title='bbox 955 2720 1000 2770; x_wconf 81' lang='grc' dir='ltr'>καὶ</span> <span class='ocrx_word' id='word_1_182' title='bbox 1017 2718 1156 2770; x_wconf 79' lang='grc' dir='ltr'><strong><em>πολιτείαν</em></strong></span> <span class='ocrx_word' id='word_1_183' title='bbox 1173 2709 1371 2787; x_wconf 74' lang='grc' dir='ltr'>τῶν’ᾌχαιῶνι</span> 
     </span>
     <span class='ocr_line' id='line_1_22' title="bbox 277 2812 1371 2886; baseline -0.002 -16"><span class='ocrx_word' id='word_1_184' title='bbox 277 2816 417 2886; x_wconf 85' lang='lat' dir='ltr'>conligere</span> <span class='ocrx_word' id='word_1_185' title='bbox 444 2831 499 2867; x_wconf 91' lang='lat' dir='ltr'>non</span> <span class='ocrx_word' id='word_1_186' title='bbox 527 2815 613 2867; x_wconf 88' lang='lat' dir='ltr'>ausim</span> <span class='ocrx_word' id='word_1_187' title='bbox 640 2817 703 2883; x_wconf 88' lang='lat' dir='ltr'>post</span> <span class='ocrx_word' id='word_1_188' title='bbox 729 2831 753 2867; x_wconf 89' lang='lat' dir='ltr'>a.</span> <span class='ocrx_word' id='word_1_189' title='bbox 772 2833 798 2867; x_wconf 89' lang='lat' dir='ltr'>u.</span> <span class='ocrx_word' id='word_1_190' title='bbox 818 2815 869 2867; x_wconf 83' lang='lat'>503</span> <span class='ocrx_word' id='word_1_191' title='bbox 893 2812 1036 2883; x_wconf 84' lang='lat' dir='ltr'>Sicyonem</span> <span class='ocrx_word' id='word_1_192' title='bbox 1057 2812 1175 2867; x_wconf 87' lang='lat' dir='ltr'>Achaiae</span> <span class='ocrx_word' id='word_1_193' title='bbox 1201 2814 1298 2868; x_wconf 86' lang='lat' dir='ltr'>urbem</span> <span class='ocrx_word' id='word_1_194' title='bbox 1324 2814 1371 2868; x_wconf 86' lang='lat' dir='ltr'>ad·</span> 
     </span>
     <span class='ocr_line' id='line_1_23' title="bbox 277 2909 1372 2983; baseline -0.004 -16"><span class='ocrx_word' id='word_1_195' title='bbox 277 2912 407 2983; x_wconf 78' lang='lat' dir='ltr'>pellatam</span> <span class='ocrx_word' id='word_1_196' title='bbox 427 2928 491 2972; x_wconf 82' lang='lat' dir='ltr'>esse,</span> <span class='ocrx_word' id='word_1_197' title='bbox 516 2916 608 2964; x_wconf 87' lang='lat' dir='ltr'>tamen</span> <span class='ocrx_word' id='word_1_198' title='bbox 627 2909 747 2964; x_wconf 81' lang='lat' dir='ltr'>Achaiae</span> <span class='ocrx_word' id='word_1_199' title='bbox 765 2927 864 2964; x_wconf 89' lang='lat' dir='ltr'>nomen</span> <span class='ocrx_word' id='word_1_200' title='bbox 881 2915 977 2963; x_wconf 90' lang='lat' dir='ltr'>utrum</span> <span class='ocrx_word' id='word_1_201' title='bbox 998 2910 1156 2980; x_wconf 85' lang='lat' dir='ltr'>aprincipe</span> <span class='ocrx_word' id='word_1_202' title='bbox 1175 2913 1287 2976; x_wconf 74' lang='lat' dir='ltr'>auctore</span> <span class='ocrx_word' id='word_1_203' title='bbox 1305 2911 1372 2964; x_wconf 85' lang='lat' dir='ltr'>scri-</span> 
     </span>
     <span class='ocr_line' id='line_1_24' title="bbox 278 3006 1373 3078; baseline -0.003 -16"><span class='ocrx_word' id='word_1_204' title='bbox 278 3013 366 3078; x_wconf 88' lang='lat' dir='ltr'>ptum,</span> <span class='ocrx_word' id='word_1_205' title='bbox 391 3026 426 3061; x_wconf 87' lang='lat' dir='ltr'>an</span> <span class='ocrx_word' id='word_1_206' title='bbox 445 3037 477 3046; x_wconf 92' lang='lat'>-</span> <span class='ocrx_word' id='word_1_207' title='bbox 497 3006 571 3077; x_wconf 91' lang='lat' dir='ltr'>quod</span> <span class='ocrx_word' id='word_1_208' title='bbox 592 3006 763 3076; x_wconf 87' lang='lat' dir='ltr'>probabilius</span> <span class='ocrx_word' id='word_1_209' title='bbox 781 3007 893 3061; x_wconf 86' lang='lat' dir='ltr'>uidetur</span> <span class='ocrx_word' id='word_1_210' title='bbox 914 3037 945 3046; x_wconf 93' lang='lat'>—</span> <span class='ocrx_word' id='word_1_211' title='bbox 967 3011 1076 3076; x_wconf 87' lang='lat' dir='ltr'>postero</span> <span class='ocrx_word' id='word_1_212' title='bbox 1093 3008 1217 3075; x_wconf 87' lang='lat' dir='ltr'>tempore</span> <span class='ocrx_word' id='word_1_213' title='bbox 1234 3007 1373 3062; x_wconf 86' lang='lat' dir='ltr'>adiectum</span> 
     </span>
     <span class='ocr_line' id='line_1_25' title="bbox 278 3104 558 3174; baseline -0.007 -14"><span class='ocrx_word' id='word_1_214' title='bbox 278 3108 314 3160; x_wconf 91' lang='lat' dir='ltr'>sit</span> <span class='ocrx_word' id='word_1_215' title='bbox 332 3105 440 3160; x_wconf 88' lang='lat' dir='ltr'>ostendi</span> <span class='ocrx_word' id='word_1_216' title='bbox 453 3104 558 3174; x_wconf 86' lang='lat' dir='ltr'>nequit.</span> 
     </span>
    </p>

    <p class='ocr_par' dir='ltr' id='par_1_7' title="bbox 279 3197 1374 3752">
     <span class='ocr_line' id='line_1_26' title="bbox 383 3197 1372 3269; baseline -0.004 -13"><span class='ocrx_word' id='word_1_217' title='bbox 383 3203 418 3256; x_wconf 83' lang='grc'>36</span> <span class='ocrx_word' id='word_1_218' title='bbox 436 3200 510 3254; x_wconf 91' lang='lat' dir='ltr'>hunc</span> <span class='ocrx_word' id='word_1_219' title='bbox 527 3200 618 3255; x_wconf 86' lang='lat' dir='ltr'>locum</span> <span class='ocrx_word' id='word_1_220' title='bbox 636 3199 725 3268; x_wconf 84' lang='lat' dir='ltr'>(Pauo.</span> <span class='ocrx_word' id='word_1_221' title='bbox 737 3198 771 3268; x_wconf 88' lang='lat' dir='ltr'>Il,</span> <span class='ocrx_word' id='word_1_222' title='bbox 782 3202 806 3269; x_wconf 86' lang='lat'>7,</span> <span class='ocrx_word' id='word_1_223' title='bbox 817 3201 843 3268; x_wconf 86' lang='grc'>9)</span> <span class='ocrx_word' id='word_1_224' title='bbox 852 3203 927 3254; x_wconf 85' lang='lat' dir='ltr'>recte</span> <span class='ocrx_word' id='word_1_225' title='bbox 937 3199 1110 3254; x_wconf 82' lang='lat' dir='ltr'>Woelfflinus</span> <span class='ocrx_word' id='word_1_226' title='bbox 1130 3198 1203 3266; x_wconf 82' lang='lat' dir='ltr'>(diss.</span> <span class='ocrx_word' id='word_1_227' title='bbox 1213 3215 1239 3268; x_wconf 87' lang='lat' dir='ltr'>p.</span> <span class='ocrx_word' id='word_1_228' title='bbox 1251 3197 1296 3268; x_wconf 82' lang='lat'>47)</span> <span class='ocrx_word' id='word_1_229' title='bbox 1308 3215 1372 3268; x_wconf 88' lang='lat' dir='ltr'>pro·</span> 
     </span>
     <span class='ocr_line' id='line_1_27' title="bbox 279 3295 1374 3364; baseline 0.002 -16"><span class='ocrx_word' id='word_1_230' title='bbox 279 3295 344 3349; x_wconf 85' lang='lat' dir='ltr'>tulii</span> <span class='ocrx_word' id='word_1_231' title='bbox 355 3313 409 3364; x_wconf 90' lang='lat' dir='ltr'>quc</span> <span class='ocrx_word' id='word_1_232' title='bbox 420 3313 476 3350; x_wconf 90' lang='lat' dir='ltr'>non</span> <span class='ocrx_word' id='word_1_233' title='bbox 486 3298 578 3351; x_wconf 89' lang='lat' dir='ltr'>omnia</span> <span class='ocrx_word' id='word_1_234' title='bbox 588 3297 617 3349; x_wconf 90' lang='lat' dir='ltr'>in</span> <span class='ocrx_word' id='word_1_235' title='bbox 631 3296 683 3350; x_wconf 89' lang='lat' dir='ltr'>hoc</span> <span class='ocrx_word' id='word_1_236' title='bbox 706 3297 795 3364; x_wconf 87' lang='lat' dir='ltr'>capite</span> <span class='ocrx_word' id='word_1_237' title='bbox 805 3295 910 3351; x_wconf 83' lang='lat' dir='ltr'>tradita</span> <span class='ocrx_word' id='word_1_238' title='bbox 927 3296 1129 3350; x_wconf 84' lang='lat' dir='ltr'>demonstraret</span> <span class='ocrx_word' id='word_1_239' title='bbox 1147 3295 1273 3350; x_wconf 83' lang='lat' dir='ltr'>adhiberi</span> <span class='ocrx_word' id='word_1_240' title='bbox 1293 3311 1374 3364; x_wconf 84' lang='lat' dir='ltr'>posse</span> 
     </span>
     <span class='ocr_line' id='line_1_28' title="bbox 279 3391 1369 3462; baseline -0.002 -16"><span class='ocrx_word' id='word_1_241' title='bbox 279 3392 431 3446; x_wconf 85' lang='lat' dir='ltr'>adactatem</span> <span class='ocrx_word' id='word_1_242' title='bbox 450 3409 505 3462; x_wconf 86' lang='lat' dir='ltr'>qua</span> <span class='ocrx_word' id='word_1_243' title='bbox 523 3393 664 3461; x_wconf 89' lang='lat' dir='ltr'>Ampelius</span> <span class='ocrx_word' id='word_1_244' title='bbox 686 3393 838 3461; x_wconf 86' lang='lat' dir='ltr'>scripsisset</span> <span class='ocrx_word' id='word_1_245' title='bbox 865 3391 1155 3448; x_wconf 60' lang='lat' dir='ltr'>circumscribendam*</span> <span class='ocrx_word' id='word_1_246' title='bbox 1198 3397 1369 3462; x_wconf 86' lang='lat' dir='ltr'>quapropter</span> 
     </span>
     <span class='ocr_line' id='line_1_29' title="bbox 281 3487 1373 3557; baseline 0 -15"><span class='ocrx_word' id='word_1_247' title='bbox 281 3494 372 3544; x_wconf 87' lang='lat' dir='ltr'>autem</span> <span class='ocrx_word' id='word_1_248' title='bbox 390 3492 533 3557; x_wconf 85' lang='lat' dir='ltr'>praeterea</span> <span class='ocrx_word' id='word_1_249' title='bbox 552 3489 671 3543; x_wconf 89' lang='lat' dir='ltr'>alterum</span> <span class='ocrx_word' id='word_1_250' title='bbox 689 3487 779 3543; x_wconf 87' lang='lat' dir='ltr'>locam</span> <span class='ocrx_word' id='word_1_251' title='bbox 797 3487 906 3542; x_wconf 86' lang='lat' dir='ltr'>adferat</span> <span class='ocrx_word' id='word_1_252' title='bbox 925 3488 959 3554; x_wconf 88' lang='lat' dir='ltr'>ll,</span> <span class='ocrx_word' id='word_1_253' title='bbox 981 3491 1022 3549; x_wconf 87' lang='lat'>11,</span> <span class='ocrx_word' id='word_1_254' title='bbox 1040 3490 1057 3540; x_wconf 86' lang='lat'><strong><em>2</em></strong></span> <span class='ocrx_word' id='word_1_255' title='bbox 1084 3505 1139 3542; x_wconf 89' lang='lat' dir='ltr'>non</span> <span class='ocrx_word' id='word_1_256' title='bbox 1164 3487 1302 3557; x_wconf 84' lang='lat' dir='ltr'>intellego.</span> <span class='ocrx_word' id='word_1_257' title='bbox 1339 3505 1373 3542; x_wconf 90' lang='lat' dir='ltr'>eo</span> 
     </span>
     <span class='ocr_line' id='line_1_30' title="bbox 280 3583 1373 3654; baseline 0 -16"><span class='ocrx_word' id='word_1_258' title='bbox 280 3586 353 3640; x_wconf 89' lang='lat' dir='ltr'>enim</span> <span class='ocrx_word' id='word_1_259' title='bbox 371 3585 430 3641; x_wconf 89' lang='lat' dir='ltr'>loco</span> <span class='ocrx_word' id='word_1_260' title='bbox 452 3589 579 3654; x_wconf 85' lang='lat' dir='ltr'>apertum</span> <span class='ocrx_word' id='word_1_261' title='bbox 599 3588 640 3639; x_wconf 89' lang='lat' dir='ltr'>est</span> <span class='ocrx_word' id='word_1_262' title='bbox 659 3583 752 3646; x_wconf 84' lang='lat' dir='ltr'>aedem</span> <span class='ocrx_word' id='word_1_263' title='bbox 771 3597 885 3652; x_wconf 88' lang='lat' dir='ltr'>prorsus</span> <span class='ocrx_word' id='word_1_264' title='bbox 904 3584 987 3644; x_wconf 80' lang='lat' dir='ltr'>aliam</span> <span class='ocrx_word' id='word_1_265' title='bbox 1002 3584 1057 3639; x_wconf 89' lang='lat' dir='ltr'>dici</span> <span class='ocrx_word' id='word_1_266' title='bbox 1075 3601 1189 3654; x_wconf 83' lang='lat' dir='ltr'>eamque</span> <span class='ocrx_word' id='word_1_267' title='bbox 1211 3601 1268 3638; x_wconf 88' lang='lat' dir='ltr'>non</span> <span class='ocrx_word' id='word_1_268' title='bbox 1289 3584 1373 3640; x_wconf 82' lang='lat' dir='ltr'>defla-</span> 
     </span>
     <span class='ocr_line' id='line_1_31' title="bbox 279 3687 395 3752; baseline -0.009 -16"><span class='ocrx_word' id='word_1_269' title='bbox 279 3687 395 3752; x_wconf 82' lang='lat' dir='ltr'>gratam.</span> 
     </span>
    </p>

    <p class='ocr_par' dir='ltr' id='par_1_8' title="bbox 278 3775 1372 4028">
     <span class='ocr_line' id='line_1_32' title="bbox 379 3775 1372 3848; baseline 0 -16"><span class='ocrx_word' id='word_1_270' title='bbox 379 3781 411 3833; x_wconf 82' lang='lat'>37</span> <span class='ocrx_word' id='word_1_271' title='bbox 431 3777 589 3848; x_wconf 82' lang='lat' dir='ltr'>Pythoclem</span> <span class='ocrx_word' id='word_1_272' title='bbox 608 3778 682 3832; x_wconf 90' lang='lat' dir='ltr'>enim</span> <span class='ocrx_word' id='word_1_273' title='bbox 699 3777 852 3848; x_wconf 87' lang='lat' dir='ltr'>Polycratis</span> <span class='ocrx_word' id='word_1_274' title='bbox 868 3776 988 3848; x_wconf 85' lang='lat' dir='ltr'>Sicyonii</span> <span class='ocrx_word' id='word_1_275' title='bbox 1003 3775 1091 3832; x_wconf 85' lang='lat' dir='ltr'>filium</span> <span class='ocrx_word' id='word_1_276' title='bbox 1109 3777 1200 3847; x_wconf 83' lang='lat' dir='ltr'>fuisse,</span> <span class='ocrx_word' id='word_1_277' title='bbox 1228 3777 1265 3832; x_wconf 84' lang='lat' dir='ltr'>ad</span> <span class='ocrx_word' id='word_1_278' title='bbox 1288 3795 1372 3847; x_wconf 85' lang='lat' dir='ltr'>quam</span> 
     </span>
     <span class='ocr_line' id='line_1_33' title="bbox 279 3873 1370 3945; baseline 0.002 -19"><span class='ocrx_word' id='word_1_279' title='bbox 279 3874 314 3928; x_wconf 87' lang='lat' dir='ltr'>ab</span> <span class='ocrx_word' id='word_1_280' title='bbox 331 3874 417 3930; x_wconf 85' lang='lat' dir='ltr'>Arato</span> <span class='ocrx_word' id='word_1_281' title='bbox 435 3879 602 3945; x_wconf 81' lang='lat' dir='ltr'>prognatum</span> <span class='ocrx_word' id='word_1_282' title='bbox 627 3874 701 3930; x_wconf 86' lang='lat' dir='ltr'>illins</span> <span class='ocrx_word' id='word_1_283' title='bbox 728 3875 816 3929; x_wconf 87' lang='lat' dir='ltr'>uitam</span> <span class='ocrx_word' id='word_1_284' title='bbox 832 3873 997 3928; x_wconf 83' lang='lat' dir='ltr'>Plutarchus</span> <span class='ocrx_word' id='word_1_285' title='bbox 1019 3875 1096 3928; x_wconf 84' lang='lat' dir='ltr'>misit</span> <span class='ocrx_word' id='word_1_286' title='bbox 1118 3875 1179 3944; x_wconf 88' lang='lat' dir='ltr'>(uit.</span> <span class='ocrx_word' id='word_1_287' title='bbox 1199 3875 1276 3929; x_wconf 85' lang='lat' dir='ltr'>Arat</span> <span class='ocrx_word' id='word_1_288' title='bbox 1296 3892 1320 3932; x_wconf 87' lang='lat' dir='ltr'>c.</span> <span class='ocrx_word' id='word_1_289' title='bbox 1345 3875 1370 3945; x_wconf 90' lang='lat' dir='ltr'>l)</span> 
     </span>
     <span class='ocr_line' id='line_1_34' title="bbox 278 3971 796 4028; baseline -0.004 -2"><span class='ocrx_word' id='word_1_290' title='bbox 278 3973 372 4026; x_wconf 84' lang='lat' dir='ltr'>multis</span> <span class='ocrx_word' id='word_1_291' title='bbox 390 3971 425 4026; x_wconf 87' lang='lat' dir='ltr'>da</span> <span class='ocrx_word' id='word_1_292' title='bbox 445 3973 533 4028; x_wconf 85' lang='lat' dir='ltr'>causis</span> <span class='ocrx_word' id='word_1_293' title='bbox 550 3990 606 4027; x_wconf 89' lang='lat' dir='ltr'>non</span> <span class='ocrx_word' id='word_1_294' title='bbox 625 3972 796 4026; x_wconf 86' lang='lat' dir='ltr'>crediderim.</span> 
     </span>
    </p>

    <p class='ocr_par' dir='ltr' id='par_1_9' title="bbox 221 4047 1501 4336">
     <span class='ocr_line' id='line_1_35' title="bbox 221 4047 1501 4152; baseline -0.001 -30"><span class='ocrx_word' id='word_1_295' title='bbox 221 4047 228 4064; x_wconf 54' lang='lat'><strong>¹</strong></span> <span class='ocrx_word' id='word_1_296' title='bbox 376 4067 411 4123; x_wconf 80' lang='lat'>38</span> <span class='ocrx_word' id='word_1_297' title='bbox 434 4068 622 4124; x_wconf 85' lang='lat' dir='ltr'>Urlichsianae</span> <span class='ocrx_word' id='word_1_298' title='bbox 644 4073 768 4138; x_wconf 83' lang='lat' dir='ltr'>praestat</span> <span class='ocrx_word' id='word_1_299' title='bbox 791 4068 951 4123; x_wconf 86' lang='lat' dir='ltr'>Buecheleri</span> <span class='ocrx_word' id='word_1_300' title='bbox 973 4067 1128 4122; x_wconf 84' lang='lat' dir='ltr'>emendatio</span> <span class='ocrx_word' id='word_1_301' title='bbox 1153 4067 1292 4138; x_wconf 79' lang='lat' dir='ltr'>»Marsyae</span> <span class='ocrx_word' id='word_1_302' title='bbox 1318 4085 1363 4122; x_wconf 89' lang='lat' dir='ltr'>oo·</span> <span class='ocrx_word' id='word_1_303' title='bbox 1406 4087 1423 4110; x_wconf 64' lang='grc' dir='ltr'>ν</span> <span class='ocrx_word' id='word_1_304' title='bbox 1500 4139 1501 4152; x_wconf 18' lang='lat'>¹</span> 
     </span>
     <span class='ocr_line' id='line_1_36' title="bbox 280 4165 1367 4236; baseline -0.002 -14"><span class='ocrx_word' id='word_1_305' title='bbox 280 4168 353 4223; x_wconf 90' lang='lat' dir='ltr'>rium</span> <span class='ocrx_word' id='word_1_306' title='bbox 372 4166 492 4236; x_wconf 90' lang='lat' dir='ltr'>itemque</span> <span class='ocrx_word' id='word_1_307' title='bbox 513 4167 614 4222; x_wconf 81' lang='lat' dir='ltr'>tibiae«</span> <span class='ocrx_word' id='word_1_308' title='bbox 636 4165 705 4235; x_wconf 86' lang='lat' dir='ltr'>(cod</span> <span class='ocrx_word' id='word_1_309' title='bbox 724 4167 808 4222; x_wconf 88' lang='lat' dir='ltr'>marsi</span> <span class='ocrx_word' id='word_1_310' title='bbox 826 4171 917 4222; x_wconf 85' lang='lat' dir='ltr'>autem</span> <span class='ocrx_word' id='word_1_311' title='bbox 930 4181 1071 4235; x_wconf 82' lang='lat' dir='ltr'>quaequac</span> <span class='ocrx_word' id='word_1_312' title='bbox 1082 4165 1108 4218; x_wconf 87' lang='lat' dir='ltr'>h.</span> <span class='ocrx_word' id='word_1_313' title='bbox 1121 4181 1142 4220; x_wconf 89' lang='lat' dir='ltr'>a.</span> <span class='ocrx_word' id='word_1_314' title='bbox 1156 4165 1271 4222; x_wconf 84' lang='lat' dir='ltr'>marsiae</span> <span class='ocrx_word' id='word_1_315' title='bbox 1288 4165 1367 4220; x_wconf 81' lang='lat' dir='ltr'>itam·</span> 
     </span>
     <span class='ocr_line' id='line_1_37' title="bbox 278 4263 454 4336; baseline 0.011 -18"><span class='ocrx_word' id='word_1_316' title='bbox 278 4283 332 4336; x_wconf 91' lang='lat' dir='ltr'>que</span> <span class='ocrx_word' id='word_1_317' title='bbox 349 4263 454 4335; x_wconf 85' lang='lat' dir='ltr'>tiniae).</span> 
     </span>
    </p>
   </div>
   <div class='ocr_carea' id='block_1_4' title="bbox 0 0 1518 4904">
    <p class='ocr_par' dir='ltr' id='par_1_10' title="bbox 0 0 1518 4904">
     <span class='ocr_line' id='line_1_38' title="bbox 0 0 1518 4904; baseline 0 0"><span class='ocrx_word' id='word_1_318' title='bbox 0 0 1518 4904; x_wconf 95' lang='lat' dir='ltr'> </span> 
     </span>
    </p>
   </div>
  </div>
 </body>
</html>
