3010 4904
808 351 827 420 6

273 557 410 607 mannus
441 540 475 606 ll.
507 538 748 607 demonstrauit.
791 537 877 604 unde
910 537 1047 606 afficitur
1079 545 1206 625 praeter
1227 539 1368 611 Plinium
1490 551 1491 640 l

273 651 358 732 (NH.
381 649 533 728 XXXVI,
553 635 604 731 1'8)
629 655 661 715 ct
680 649 875 716 Pausaniam
898 649 936 732 (I.
950 653 998 729 24,
1012 653 1039 714 5.
1055 649 1088 732 7)
1109 649 1151 718 de
1170 657 1296 719 statuae
1311 652 1367 722 ha·
1490 667 1491 686 ¹

271 759 341 826 bitu
374 759 576 827 accuratiora
606 759 767 826 neminem
798 757 922 826 dixisse
951 759 1110 844 Ampelio.
1154 759 1240 833 Satis
1272 761 1367 830 docto

140 875 142 881 '
273 869 372 954 igitur
396 889 468 936 eum
490 876 620 936 auctore
642 887 733 937 usum
754 887 826 936 esso
848 875 947 953 patet.
992 866 1048 952 qui
1072 887 1144 936 cum
1166 871 1303 940 eandem
1322 879 1368 939 at·
1488 887 1491 1080 ¹

1490 3013 1491 3064 l

1490 3099 1491 3150 l

270 997 333 1061 quc
354 977 458 1044 libelli
479 999 515 1043 π,
536 969 667 1058 κόσμου.
683 976 820 1061 scriptor
841 983 874 1044 et
897 977 1048 1044 Valerius
1070 977 1111 1044 de
1129 977 1268 1046 Phidiae
1288 979 1367 1044 ima-

270 1085 347 1171 gine
362 1085 505 1154 fabulam
517 1085 706 1169 narrauerit,
727 1106 787 1152 nec
809 1092 916 1154 tamen
938 1106 978 1152 aa
997 1087 1131 1170 ratione,
1153 1095 1189 1154 ut
1203 1109 1244 1154 cx
1266 1089 1367 1156 altero

269 1203 341 1262 utro
369 1215 442 1262 esse
474 1202 601 1281 sumpta
632 1195 746 1280 possit,
776 1215 812 1261 re
836 1213 914 1262 uera
938 1215 1093 1280 perquam
1120 1196 1252 1280 antiquo
1289 1204 1365 1264 tem·

268 1323 346 1390 pore
364 1307 387 1346 ¹¹
409 1324 481 1371 eam
503 1305 724 1391 pcruolgatam
747 1303 847 1370 luisse
871 1303 1085 1387 consequitur.

367 1413 433 1480 Sed
464 1413 545 1480 hacc
575 1413 740 1489 hactenus.
784 1411 820 1478 id
849 1433 948 1480 uuum
976 1411 1106 1495 quidem
1134 1411 1196 1481 hoc
1216 1416 1364 1500 exemplo

268 1538 319 1585 mo
341 1518 531 1586 inlustrasse
552 1519 675 1604 opinor,
701 1520 1006 1605 summoperenobis
1027 1520 1205 1586 cauendum
1226 1541 1298 1588 csse
1315 1543 1365 1607 na,

268 1628 422 1714 opinione
449 1627 673 1714 praeiudicata
702 1628 800 1712 ducti,
832 1629 1014 1715 Ampelium
1040 1629 1221 1714 „hominem
1254 1652 1363 1717 super·

268 1735 542 1806 stitiosissimum“
573 1737 716 1804 suariis
744 1738 955 1822 scriptoribus
987 1759 1070 1822 quae
1103 1739 1167 1806 sibi
1199 1740 1365 1828 placerent

267 1846 415 1932 elegisse,
447 1847 551 1917 electa
583 1853 690 1915 autom
722 1867 787 1932 qua
817 1849 916 1916 fuerit
941 1847 1091 1916 socordia
1120 1856 1153 1916 et
1173 1848 1364 1934 stupiditate

266 1975 417 2040 peruerse
439 1956 683 2040 interpretatum
703 1956 922 2043 composuisse
944 1956 1111 2042 fingamus.

118 2089 247 2150 ‹relwarr-
366 2064 496 2132 Rectius
530 2085 606 2133 uero
642 2064 683 2132 dc
712 2065 875 2133 scribendi
909 2065 979 2133 eius
1009 2066 1134 2137 ratione
1153 2067 1363 2136 Woelffli-

111 2140 340 2243 limilldiclo'uus
360 2172 455 2256 (diss.
479 2195 511 2259 p.
535 2175 588 2256 23)
608 2173 656 2242 ita
677 2175 854 2243 existimat:
876 2177 1057 2260 „constabit
1071 2212 1113 2224 -
1125 2176 1309 2262 Ampelium
1329 2176 1364 2243 in

267 2281 404 2366 singulis
427 2282 573 2365 opusculi
596 2284 647 2352 sui
668 2285 823 2370 partibus,
846 2287 955 2370 prouti
976 2286 1099 2352 serebat
1113 2285 1295 2370 argumenti
1309 2284 1363 2352 di·

267 2392 413 2470 uersitas,
437 2391 583 2476 singulos
605 2393 669 2460 sibi
690 2401 837 2462 auctores
861 2395 954 2478 quasi
978 2394 1074 2465 duces
1090 2395 1228 2480 elegisse
1243 2415 1363 2479 eosque

266 2499 310 2564 ad
331 2501 463 2568 uerbum
485 2501 553 2568 fers
574 2501 794 2588 descripsisse,
827 2503 892 2570 nisi
926 2504 1011 2588 quod
1032 2511 1253 2588 argumentum
1274 2493 1364 2589 pres·

266 2609 334 2677 sius
355 2617 388 2676 et
409 2611 538 2696 parcius
561 2612 782 2696 perscriberet.
799 2649 835 2660 -
850 2612 929 2682 mihi
951 2633 1030 2681 sane
1053 2621 1137 2680 totns
1160 2613 1243 2680 liber
1266 2632 1358 2680 mem.

267 2736 308 2784 cx
340 2719 524 2786 auctoribus
556 2719 729 2786 admodum
760 2721 873 2806 paucis
906 2729 1075 2806 excerptus
1108 2742 1180 2789 esse
1203 2721 1360 2790 uidetur.“

266 2825 357 2905 Quae
381 2827 410 2894 si
431 2848 509 2894 uara
531 2837 613 2913 sunt,
644 2830 742 2895 etiam
762 2830 797 2896 in
827 2829 887 2897 hoc
916 2831 1022 2916 capite
1043 2850 1141 2898 unum
1161 2831 1362 2914 eundemque

265 2935 414 3020 Ampelio
446 2943 608 3003 auctorem
641 2936 743 3005 fuisse
776 2945 1025 3005 consentancum
1051 2947 1107 3006 est.
1152 2937 1203 3005 ita
1228 2943 1264 3005 se
1294 2959 1362 3004 rem

266 3039 385 3112 habere
407 3064 482 3110 num
503 3046 641 3113 senserit
663 3046 866 3114 Woelfflinus
886 3047 1006 3134 nescio,
1027 3049 1104 3133 quia
1123 3047 1231 3135 planis
1251 3049 1360 3115 uerbis

264 3145 357 3221 suam
378 3154 418 3221 de
441 3154 502 3224 hac
523 3176 558 3222 re
579 3157 773 3223 sententiam
794 3157 920 3243 aperire
939 3157 1085 3224 euitauit.
1128 3165 1161 3223 at
1178 3157 1268 3224 aliud
1284 3156 1362 3242 quid

265 3256 438 3340 agnouisse
460 3255 517 3322 ille
539 3256 602 3323 sibi
625 3256 715 3340 uisus
739 3265 795 3339 est,
828 3259 914 3342 quod
936 3280 1000 3325 non
1025 3280 1091 3325 una
1124 3279 1165 3326 cx
1197 3268 1288 3344 parte
1319 3259 1362 3326 ad

264 3364 347 3431 hanc
370 3366 591 3448 quaestionem
610 3368 772 3452 pertinere
795 3365 939 3454 adparet.
983 3389 1001 3434 e
1023 3365 1147 3435 duabus
1180 3368 1266 3435 enim
1288 3390 1363 3456 par·
1490 3449 1491 3454 ἵ

264 3474 349 3541 tibus
371 3480 472 3542 totum
491 3484 588 3560 caput
610 3473 822 3562 compositum
844 3497 916 3545 esse
936 3483 1044 3546 monet
1064 3476 1157 3561 (diss.
1178 3499 1209 3563 p.
1225 3477 1291 3560 46),
1314 3479 1361 3546 al·
1490 3491 1491 3578 ξ

263 3591 333 3654 tera
350 3585 472 3651 maiore
494 3605 576 3669 quae
598 3589 640 3668 ἐξ
665 3593 764 3652 1-17
787 3595 820 3654 at
842 3593 892 3657 24.
915 3592 955 3654 25
976 3590 1234 3674 comprehendat,
1257 3592 1363 3658 altera

264 3695 388 3760 minore
411 3694 442 3777 (ᾗ
466 3696 602 3778 18-23)
625 3716 690 3780 qua
711 3697 868 3764 miracula
885 3698 1003 3765 *mundi
1024 3700 1154 3784 propria
1175 3699 1265 3768 dicta
1282 3718 1360 3767 euu-

263 3810 433 3871 merentur.
466 3811 498 3870 ct
517 3806 602 3872 hanc
623 3806 754 3890 quidem
775 3806 810 3872 in
830 3807 1016 3875 uniuersum
1031 3829 1103 3875 cum
1119 3809 1203 3893 Hyg.
1219 3809 1285 3875 fab.
1299 3815 1362 3876 223
1490 3789 1491 3878 f

366 4073 398 4123 ll
417 4071 509 4128 nullus
527 4073 601 4128 enim
618 4073 717 4130 dubito
736 4075 804 4145 quin
821 4075 946 4132 Cicero
969 4094 1078 4148 quoquc
1102 4077 1216 4134 eandem
1238 4079 1362 4134 fabulam

262 4168 383 4236 nouerit,
411 4168 457 4224 scd
483 4168 544 4238 ipsa
567 4185 616 4226 sua
639 4169 843 4242 interpretandi
866 4174 974 4230 ratione
995 4173 1116 4228 noluerit
1139 4183 1363 4244 quaenam'uem

225 4287 228 4294 Δ
266 4261 382 4318 fabellas
401 4267 539 4320 sententia
558 4265 602 4335 sit,
621 4267 779 4325 inlustrare.
