3010 4904
804 367 844 428 20

277 553 373 620 minis
398 552 627 636 circumscribi,
659 550 799 617 mediam
820 558 853 618 et
875 572 916 618 ex
937 558 1027 636 parte
1047 551 1259 617 meridianam
1278 551 1371 637 Epiri

279 664 442 746 regionem
471 662 649 729 obtinuisse
682 663 766 727 inter
801 682 910 727 omnes
943 662 1135 727 conuenit⁸⁰.
1190 681 1372 743 quaecum

246 809 248 820 ·
278 771 325 837 ita
346 771 419 854 sint,
441 791 536 855 posse
558 772 672 836 saltem
693 772 727 836 in
747 771 820 854 ipsa
840 770 940 854 Epiro
963 770 1119 853 Stephani
1140 769 1222 837 illud
1246 759 1372 854 ”Appos

277 869 436 961 Ὀρέονιον
453 880 550 944 situm
571 879 670 945 fuisse
692 877 933 944 concedendum
953 879 1022 944 erit.
1063 879 1168 961 Atque
1198 879 1234 944 id
1265 880 1371 963 ipsum

278 994 334 1053 aut
355 1008 549 1072 magnopere
571 987 665 1053 fallor
687 988 805 1080 autflab
827 987 975 1071 Ampelio
997 987 1058 1053 hoc
1079 988 1150 1053 loco
1170 987 1291 1053 dictum
1313 994 1371 1053 est.

133 1093 256 1187 Ἥξξξξξῐῑ
277 1096 364 1180 quod
386 1103 420 1162 ut
441 1097 581 1181 probem,
601 1098 658 1162 ubi
676 1097 817 1182 positum
845 1096 946 1161 fuisse
968 1096 1124 1181 oppidum
1146 1117 1295 1174 censeam
1316 1117 1370 1162 ex-

276 1206 413 1290 plicabo.
456 1227 495 1271 ac
516 1207 654 1290 primum
671 1207 760 1272 urbis
784 1207 839 1271 cui
859 1207 989 1289 Argos
1011 1226 1127 1274 nomen
1147 1213 1196 1272 est
1218 1207 1315 1272 situm
1335 1208 1371 1272 in

276 1314 511 1380 mediterranea
531 1315 639 1399 Epiro,
662 1321 809 1381 montosa
829 1315 937 1381 hercle
952 1335 1129 1399 asperaque
1151 1322 1246 1401 terra,
1269 1316 1370 1382 fuisse

276 1443 348 1489 cum
370 1444 483 1509 perse
514 1425 583 1490 ueri
606 1423 764 1490 dissimile
795 1425 847 1507 sit,
876 1430 945 1489 tum
978 1413 1231 1509 improbandum
1259 1445 1299 1490 ea
1329 1424 1370 1490 de

223 1587 225 1592 ,
276 1552 374 1599 causa
394 1533 531 1617 uidetur,
555 1533 640 1616 quod
662 1555 764 1618 pons
791 1534 922 1618 quidem
943 1555 1088 1619 magnus,
1107 1535 1272 1602 Medeae
1293 1537 1369 1601 arti-

274 1640 382 1706 ficium
414 1642 543 1724 aliaque
572 1643 899 1726 Argonautarum
941 1650 1146 1710 monumenta
1183 1645 1231 1711 ibi
1266 1644 1368 1710 fuisse

274 1756 451 1815 narrantur.
493 1750 579 1834 quod
601 1747 667 1817 dici
689 1773 755 1818 non
776 1753 920 1836 potuisse
941 1752 1147 1818 manifestum
1172 1759 1221 1818 est
1242 1753 1305 1818 nisi
1327 1752 1369 1818 de

273 1859 345 1925 loco
365 1860 469 1925 Ionici
490 1861 588 1926 maris
610 1860 698 1926 litori
718 1863 798 1928 satis
819 1863 971 1927 uicino³¹.

373 1968 442 2032 Iam
464 1969 549 2033 Plini
575 1969 730 2053 inspicias
763 1970 871 2035 locum
903 1970 987 2052 (NH,
1009 1969 1063 2035 IV.
1082 1968 1114 2051 4)
1147 1969 1305 2054 diligenti,
1338 1972 1367 2037 si

274 2075 354 2158 quid
375 2075 480 2156 uideo,
505 2072 769 2144 consideratione
789 2078 941 2162 dignum:
973 2079 1029 2158 ,In
1049 2078 1142 2162 Epiri
1163 2099 1220 2144 ora
1240 2115 1279 2124 -
1302 2101 1367 2145 ma-

273 2185 359 2251 xime
382 2223 422 2232 -
443 2188 631 2254 nobilitatus
649 2189 839 2255 Ambracius
862 2189 951 2254 sinus
972 2223 1010 2234 -
1033 2223 1082 2252 --.
1107 2189 1147 2253 In
1169 2208 1242 2253 eum
1263 2188 1366 2255 defer-

273 2299 325 2358 tur
357 2295 485 2362 amnis
515 2297 703 2364 Acheron
734 2318 751 2363 e
787 2298 860 2363 lacu
891 2297 1103 2380 Thesprotiae
1136 2297 1368 2364 Acherusia

273 2405 433 2490 profluens
465 2393 558 2473 111111
579 2427 731 2491 passuum
763 2407 855 2473 inde
877 2414 914 2472 et
933 2407 1049 2473 mille
1073 2407 1214 2492 pedum
1245 2415 1368 2493 ponte

274 2515 478 2581 mirabilis
510 2516 643 2580 omnia
677 2535 747 2582 sna
773 2516 1053 2581 mirantibus“.
1096 2515 1207 2594 Quid?
1240 2535 1367 2582 errasse

273 2623 350 2691 lieet
382 2625 523 2691 Plinium
553 2624 653 2708 dicas,
685 2631 795 2709 utpote
829 2625 891 2706 qui·
909 2624 1128 2724 ‚Acherontem
1167 2645 1293 2691 amnem
1325 2626 1366 2692 ab

273 2733 444 2799 Ambracio
466 2734 538 2798 sinn
560 2733 668 2816 excipi
689 2733 854 2817 scripserit
887 2731 946 2812 (of.
961 2733 1108 2800 Bursian.
1128 2733 1161 2799 ll.
1183 2753 1213 2818 p.
1230 2737 1269 2797 28
1296 2735 1387 2816 sq).-

274 2848 307 2907 at
328 2842 400 2924 quis
421 2841 544 2908 idcirco
556 2862 648 2926 ¹quae
669 2841 710 2907 de
730 2841 877 2907 fabuloso
899 2841 1090 2909 Acherontis
1122 2849 1219 2927 ponte
1240 2843 1366 2908 Plinius

273 2949 365 3016 addit
387 2951 533 3017 refellere
557 2951 712 3018 audebit?
744 2957 776 3016 et
807 2971 902 3035 porro
937 2952 1088 3034 quoniam
1120 2951 1161 3016 de
1190 2952 1255 3016 alio
1275 2951 1368 3035 Epiri

272 3065 369 3143 ponte
390 3060 472 3125 nihil
503 3080 644 3143 unquam
674 3061 829 3126 traditum
860 3068 917 3140 est,
940 3063 1013 3144 quis
1047 3081 1111 3126 non
1132 3059 1303 3126 adducitur
1333 3066 1368 3126 ut

272 3168 364 3232 illum
385 3168 494 3234 credat
516 3169 653 3236 eundem
674 3169 773 3236 fuisse
795 3191 834 3235 ao
855 3173 952 3252 quem
970 3161 1103 3234 Medeae
1135 3170 1225 3235 iussu
1256 3168 1366 3234 aedili-

273 3286 379 3342 eatum
400 3297 470 3342 esse
491 3279 657 3362 Ampelius
679 3278 843 3363 perhiberi
863 3277 994 3342 narrat?
1017 3277 1071 3343 cui
1089 3278 1268 3342 sententiae
1288 3276 1368 3359 quid

273 3386 385 3464 obstet,
409 3386 492 3452 nihil
523 3387 628 3452 uideo.
673 3392 705 3452 et
736 3386 942 3452 confirmatur
972 3405 1012 3450 ea
1046 3385 1134 3450 Iouis
1167 3385 1365 3468 (ο111ιοο112)

272 3494 395 3560 oraculi
415 3495 585 3560 mentione.
626 3494 688 3560 hoo
709 3495 795 3560 enim
825 3513 929 3578 nemo,
958 3494 1080 3578 opinor,
1113 3494 1179 3564 iam
1207 3493 1368 3560 dubitabit

271 3604 350 3686 quin
370 3604 561 3670 Acherontis
583 3605 840 3686 νεκυομαντεῖον,
862 3608 990 3668 uetusta
1012 3601 1094 3667 illud
1117 3602 1286 3668 nobilitate
1317 3602 1365 3667 in-

371 3779 405 3832 30
432 3778 467 3833 cf.
487 3779 581 3849 Steph.
600 3780 631 3834 B.
659 3798 687 3849 p.
707 3781 768 3847 365,
786 3779 819 3832 21
852 3775 1006 3848 Κασσώπη,
1032 3772 1111 3836 πόλις
1138 3777 1170 3832 ἐν
1195 3779 1365 3842 Μολοσσοῖς,

272 3869 417 3946 ἐπώνυμος
434 3877 466 3949 τῇ
484 3882 641 3945 Κασσωπίᾳ
655 3869 742 3947 χώρᾳ.
786 3875 878 3931 Strab.
895 3893 922 3944 p.
944 3877 996 3929 325
1026 3873 1064 3944 [p.
1078 3874 1140 3934 447.
1161 3873 1202 3928 14.
1223 3873 1319 3944 Mein]
1338 3875 1367 3928 et

272 3991 299 4044 p.
312 3972 364 4026 321
385 3971 422 4041 [p.
437 3973 497 4042 442,
518 3976 535 4027 8
554 3972 615 4042 sq.].
652 3972 781 4027 Bursian.
800 3971 831 4026 G.
850 3971 962 4026 Griech.
982 3971 996 4025 I
1014 3988 1042 4040 p.
1055 3971 1090 4025 29
1108 3987 1149 4039 sq.

294 4099 295 4102 ν
372 4072 405 4125 31
435 4071 464 4124 in
474 4070 553 4141 Epiri
571 4087 621 4124 ore
637 4071 711 4124 haud
729 4069 815 4125 dubia
832 4073 930 4123 extant
949 4072 980 4122 ut
993 4067 1129 4137 Corcyrae
1138 4067 1365 4137 Argonautarum

272 4167 401 4238 uestigia.
429 4165 464 4222 cf.
483 4169 534 4237 Ap.
552 4166 605 4221 Rh.
624 4167 691 4237 Arg.
710 4165 756 4222 IV.
776 4167 844 4219 1212
863 4182 922 4234 sqq.
942 4166 1019 4219 1226.
1049 4163 1134 4235 Orplu
1149 4164 1214 4235 Arg.
1234 4165 1310 4218 1354.
1331 4191 1365 4204 ·-

273 4263 304 4318 0.
320 4264 447 4320 Mueller.
465 4263 593 4320 Orchom.
613 4281 640 4335 p.
652 4263 705 4316 292
726 4279 766 4332 rq.
785 4263 820 4318 ci.
838 4263 923 4318 ctiam
940 4265 999 4316 not.
1019 4263 1059 4316 38.
