3010 4904
782 361 823 422 34

253 560 369 625 genere
391 543 579 609 uersabitnr.
612 563 651 611 ac
676 544 716 610 de
737 564 776 611 eo
799 523 856 611 ubi
876 547 1050 630 quaeritur,
1074 547 1243 614 uerborum
1265 567 1348 630 quae

253 651 286 717 in
306 651 416 718 libello
439 654 634 739 conspicitur
654 647 780 740 copiam
794 656 846 722 uel
861 656 1000 722 maxime
1018 658 1126 723 ualere
1141 639 1349 723 manifestum

252 770 310 830 est.
343 764 459 830 etenim
483 765 599 831 multas
621 765 650 832 si
671 766 789 850 legeris
811 765 988 834 locutiones
1003 767 1122 834 citatas
1138 787 1158 832 a
1175 766 1348 851 ueteribus,

253 879 363 938 contra
384 871 472 957 apud
492 873 748 939 recentissimum
770 893 927 958 quemque
953 875 1140 960 scriptorem
1164 875 1260 943 ualde
1282 875 1348 942 usi·

251 988 346 1059 tatas,
365 983 442 1064 quin
465 982 611 1049 infcriori
633 983 733 1048 aetati
755 983 837 1050 liber
860 983 1089 1051 adscribendus
1111 986 1232 1052 sitnon
1256 984 1349 1051 dubi-

251 1091 345 1157 tabis.
366 1099 398 1157 et
419 1099 493 1158 sunt
516 1111 574 1158 eae
598 1093 755 1160 dictiones
778 1094 813 1160 in
827 1093 974 1160 Philonis
989 1094 1100 1160 libello
1123 1094 1202 1160 satis
1218 1094 1348 1160 multae.

252 1199 310 1265 sed
343 1220 414 1265 cum
436 1220 477 1266 ne
498 1201 550 1267 his
582 1200 711 1284 quidem
743 1203 949 1285 quantumuis
985 1202 1156 1286 diligenter
1189 1201 1344 1268 conlectis

253 1329 386 1392 cumque
410 1309 484 1376 aliis
509 1310 645 1377 aliorum
667 1312 859 1397 scriptorum
884 1313 1088 1398 comparatis,
1122 1319 1156 1379 ut
1179 1331 1230 1377 res
1263 1331 1350 1376 nune

253 1420 413 1506 sehabet,
436 1423 477 1488 ad
499 1427 620 1486 eertum
642 1419 682 1488 de
704 1423 833 1488 saeculo
856 1442 918 1506 quo
944 1423 1081 1507 scriptor
1112 1421 1231 1486 uixerit
1264 1418 1349 1489 iudi·

253 1530 336 1595 oium
359 1533 528 1615 peruenire
550 1551 645 1616 posse
668 1532 801 1597 uidear:
835 1519 903 1597 alia
932 1538 964 1597 et
991 1531 1144 1616 grauiora
1176 1529 1346 1612 magisque

252 1639 424 1724 perspicua
446 1647 634 1724 argumenta
654 1640 824 1723 requiram.

104 1769 234 1810 sansana
351 1749 432 1834 Tale
454 1757 571 1832 autem,
592 1749 656 1816 nisi
679 1769 874 1834 magnopere
895 1750 999 1829 fallor,
1034 1748 1192 1814 uitandi
1213 1747 1347 1814 hiatus

96 1820 327 1940 ansegisum-qua
348 1857 460 1924 Philo
482 1879 574 1926 usus
597 1867 656 1926 est
679 1860 782 1926 ratio
813 1860 956 1944 praebet.
997 1866 1093 1941 atque
1122 1876 1161 1924 oa
1194 1857 1234 1922 de
1255 1857 1347 1922 hiatu

253 1968 399 2051 quaestio
429 1969 625 2052 grauissima
657 1977 706 2036 est
738 1969 898 2051 nimisque
932 1966 1037 2034 adhuc
1067 1969 1223 2052 neglecta.
1272 1968 1349 2033 Non·

253 2077 369 2158 dicam,
392 2077 427 2142 id
450 2077 536 2160 quod
558 2078 641 2144 inter
662 2098 771 2145 omnes
803 2078 960 2156 conuenit,
986 2083 1139 2161 quantum
1169 2097 1209 2142 ea
1241 2076 1350 2143 ualeat

252 2206 323 2251 eum
346 2185 389 2252 ad
411 2194 563 2272 corrupta
583 2187 754 2252 multorum
769 2173 828 2268 'tao
839 2187 981 2272 profecto
995 2186 1136 2270 plurium
1155 2205 1250 2267 quam
1262 2205 1347 2250 nunc

251 2294 436 2379 opinantur)
458 2295 650 2380 scriptorum
671 2295 770 2361 uerba
791 2294 1002 2378 emendanda,
1025 2303 1092 2360 tum
1113 2294 1156 2361 ad
1171 2294 1347 2382 subditicia

252 2425 271 2469 a
292 2404 402 2489 probis
428 2403 688 2470 internoscenda:
715 2404 751 2469 id
771 2405 879 2488 potius
904 2404 1072 2486 contendo,
1093 2403 1233 2470 inomni
1255 2423 1346 2487 grae-

251 2514 347 2580 citate
367 2515 561 2597 simulatque
585 2515 747 2598 cognitum
767 2515 829 2580 erit
851 2533 889 2580 ac
912 2521 1123 2599 perspectum,
1141 2513 1345 2596 quemadmo-

129 2663 132 2672 .
251 2624 327 2690 dum
359 2625 497 2709 scriptor
531 2625 751 2707 unusquisque
787 2623 895 2689 hiatus
928 2623 983 2689 uel
1014 2620 1164 2688 citandos
1197 2641 1268 2688 esso
1294 2621 1348 2687 uel

251 2732 467 2800 admittendos
490 2735 659 2811 censuerit,
685 2734 784 2800 multo
806 2734 924 2800 rectius
948 2753 1043 2816 quam
1056 2733 1126 2798 ficri
1142 2752 1226 2797 nuno
1240 2737 1347 2816 potest

167 2891 172 2912 .
250 2865 313 2910 non
337 2846 438 2910 solum
461 2843 500 2909 de
522 2843 684 2909 rhetorum
707 2863 802 2928 posse
824 2842 944 2908 scholis
968 2849 1000 2908 et
1022 2841 1214 2926 disciplinis,
1236 2860 1346 2906 uerum

251 2927 348 3019 ctiam
383 2953 422 3018 de
454 2960 559 3019 aetate
590 2954 770 3034 multorum,
804 2951 843 3018 de
876 2952 991 3034 quibus
1026 2951 1131 3016 adhuc
1164 2949 1347 3033 ambigitur,

251 3063 442 3148 scriptorum
464 3062 612 3129 iudicari.
657 3061 741 3141 Quid
766 3061 876 3128 enim?
901 3059 977 3126 inde
999 3059 1040 3125 ab
1063 3059 1216 3125 Isocratis
1241 3063 1347 3124 aetate

252 3192 353 3255 usque
375 3172 418 3238 ad
439 3172 551 3238 infima
571 3149 990 3257 Byzantinorum'tempora
1023 3168 1214 3251 quicumque
1241 3167 1347 3233 soluta

252 3282 398 3349 oratione
429 3281 551 3349 affabre
584 3282 752 3366 scripsere,
784 3280 891 3346 hiatus
925 3285 980 3344 aut
1010 3278 1187 3344 tolerarunt
1218 3274 1346 3357 ubique,

253 3494 316 3532 cum
345 3475 468 3531 secundo
497 3493 568 3530 auec.
596 3481 738 3530 terrarum
764 3473 907 3542 miracula,
935 3488 1006 3543 quae
1027 3470 1148 3540 Augusti
1176 3473 1270 3523 astate
1297 3485 1349 3538 per

253 3573 376 3627 omnium
395 3588 523 3626 creasse
544 3572 602 3625 lata
619 3574 737 3639 constat,
757 3569 897 3626 obliquno
914 3569 973 3622 fers
1001 3569 1104 3622 obruta
1123 3569 1223 3632 essent,
1250 3581 1283 3617 ec
1302 3563 1348 3618 de·

252 3687 328 3724 mum
346 3672 473 3738 tempore
492 3668 603 3722 illorum
623 3667 756 3722 memoria
775 3683 791 3720 a
810 3665 942 3735 sophistis
971 3661 1153 3718 ostentandae
1181 3659 1348 3714 eruditionis

254 3783 338 3822 causa
355 3767 523 3820 resuscitata
541 3769 591 3818 est.
630 3763 667 3819 el.
685 3780 709 3818 a.
728 3781 770 3835 gr.
789 3759 965 3832 (Menand.)
994 3780 1023 3815 π.
1051 3760 1180 3812 suadem.
1209 3775 1235 3826 p.
1249 3757 1348 3822 moa

253 3881 312 3932 sqq.
331 3863 377 3933 Sp.
397 3893 430 3903 -
452 3863 580 3917 Iulian.
603 3879 642 3918 or.
663 3860 697 3916 Il.
717 3877 745 3929 p.
760 3861 849 3924 10⁷,1
871 3874 911 3926 sq.
930 3875 957 3926 p.
973 3857 1032 3918 118,
1046 3857 1062 3909 5
1075 3873 1115 3925 sq.
1133 3853 1222 3908 Hertl.
1243 3882 1277 3892 —
1296 3851 1348 3906 Hi·

253 3979 331 4016 mer.
350 3961 409 4015 Eol.
427 3959 500 4029 XIII,
521 3963 552 4012 11
583 3958 618 4029 (p.
642 3959 687 4029 26)
713 3961 741 4012 at
761 3955 819 4022 XX,
838 3959 854 4010 3
873 3955 912 4025 (p.
935 3957 968 4008 31
988 3953 1113 4023 Dusbn.).
1146 3981 1179 3992 -
1212 3948 1347 4003 Ghoric.

254 4057 319 4112 aaa.
338 4074 365 4126 p.
381 4058 431 4109 149
449 4055 495 4110 lin.
516 4073 554 4124 sq.
575 4055 661 4110 Boias.
682 4083 714 4095 -
744 4055 845 4123 Grsg.
862 4052 888 4106 N
894 4069 941 4106 aa.
959 4068 999 4106 or.
1018 4050 1048 4104 in
1065 4047 1139 4104 laud.
1158 4046 1240 4102 Basil.
1260 4043 1349 4099 XLIII

252 4171 280 4224 p.
300 4154 352 4208 818
370 4153 438 4223 (uol.
456 4152 491 4206 ll.
509 4170 536 4221 p.
557 4153 609 4205 580
626 4151 659 4204 A.
671 4149 771 4218 Mign.)
791 4153 819 4203 et
838 4147 925 4202 eiusd.
945 4145 1032 4216 epigr.
1052 4145 1082 4198 in
1100 4143 1184 4198 nuth.
1203 4141 1261 4196 Pal.
1274 4138 1349 4202 VIII,

255 4251 315 4306 17⁷.
336 4252 386 4304 184
404 4253 433 4303 at
452 4245 527 4317 apud
545 4246 680 4300 Merctor.
699 4243 795 4298 anecd.
815 4243 893 4300 Rom.
915 4259 942 4311 p.
956 4242 1007 4296 213
1026 4257 1054 4295 n.
1067 4241 1128 4296 225.
