3010 4904
507 567 729 656 Sententiae
769 573 1053 654 controuersae.

766 833 790 898 I.

331 949 572 1018 Callimachi
593 951 837 1035 epigrammatis
861 956 900 1015 47
927 953 981 1033 (46
996 951 1092 1016 Mein.
1110 988 1144 996 -
1158 951 1197 1018 of.
1214 951 1328 1018 Fleck-

232 1059 288 1125 eis.
312 1079 384 1125 ann.
409 1058 485 1124 0111
511 1059 585 1122 1871
612 1080 642 1143 p.
662 1061 734 1140 192)
757 1061 891 1126 extremi
933 1080 1047 1126 uersus
1080 1067 1209 1145 recepta
1230 1060 1331 1126 ueris-

231 1169 314 1236 sima
334 1168 460 1234 Bentlei
483 1168 666 1234 coniectura
685 1169 733 1234 ite
753 1167 883 1254 legendi
906 1177 992 1235 sunt:

274 1273 349 1342 ἔσθ’
371 1271 449 1360 ἁμῖν
471 1276 520 1358 χά
542 1271 703 1354 παστὰς
721 1266 859 1362 ἇφειδὲα
880 1273 965 1360 πρὸς
986 1272 1045 1341 τὸν
1068 1273 1190 1359 ἔρωτα·

314 1389 425 1450 sovrei
444 1385 496 1450 ναὶ
517 1383 624 1468 κείρει
644 1380 684 1448 τὰ
706 1379 821 1466 πτερά,
845 1381 1028 1467 παιδάριον.

275 1485 341 1560 οὐδ’
366 1489 445 1560 ὅσον
467 1485 648 1578 ἅτταραχὸν
667 1519 705 1558 το
726 1493 932 1578 δεόοίκαμες·
955 1489 988 1558 αἱ
1009 1490 1068 1579 γάρ
1091 1493 1217 1580 ἒπῳδαί

250 1621 268 1644 “
314 1598 399 1670 οἴκοι
420 1584 467 1668 τῶ
477 1603 623 1685 1χαλοπιιῖ
642 1599 828 1687 τραύματος
850 1595 1099 1692 ἅμφοτέρόις.

758 1715 801 1779 ΙΙ.

331 1823 532 1906 Isigonum
555 1821 803 1902 Nieaensem‚
839 1823 929 1889 euius
951 1821 1029 1906 περὶ
1057 1814 1206 1887 ἀπίστων
1226 1822 1327 1888 libros

234 1931 321 2016 apud
343 1951 452 1998 omnes
474 1932 530 2015 qui
550 1930 652 1998 seeuti
675 1938 749 1997 sunt
770 1932 967 1998 mirabilium
990 1932 1162 2016 scriptores
1192 1931 1326 1996 maximi

232 2039 383 2106 momenti
404 2039 506 2106 fuisse
528 2041 597 2104 Val.
614 2042 697 2105 Itose
720 2047 805 2106 reete
828 2040 1001 2125 perspexit,
1026 2048 1154 2107 auctore
1177 2040 1326 2124 inprimis

125 2133 128 2140 ¹
171 2127 172 2142 ¹
231 2150 429 2233 Antigono
461 2148 652 2234 Carystio
684 2169 776 2215 usum
808 2169 880 2216 esse
910 2169 1013 2232 neque
1047 2149 1146 2215 euicit
1175 2149 1327 2216 Erwinns

233 2258 345 2326 Rohde
366 2260 415 2342 (in
437 2269 497 2326 aet.
521 2279 585 2325 soe.
607 2257 686 2344 phil.
710 2258 798 2344 Lips.
820 2258 836 2323 l
857 2279 888 2343 p.
909 2262 948 2323 29
970 2258 1031 2342 sq.)
1065 2279 1167 2342 neque
1197 2260 1326 2326 omnino

233 2367 444 2434 demonstrari
465 2373 578 2452 potest.

686 2525 689 2530 -
747 2475 804 2541 Ill.

330 2589 378 2652 De
409 2586 483 2671 ipsa
517 2605 599 2669 quae
621 2584 776 2668 Antigoni
799 2584 871 2651 Car.
903 2586 1031 2652 nomine
1060 2585 1217 2671 inseripta
1237 2593 1327 2652 extat

230 2691 382 2782 ἱστοριῶν
404 2689 600 2778 παραδόξων
630 2695 793 2778 farragine
815 2702 908 2762 reete.
922 2696 1027 2762 adhue
1050 2717 1071 2761 a
1091 2696 1219 2762 nemine
1242 2695 1326 2761 iudi·

230 2814 337 2873 eatum
358 2812 416 2871 est.

750 2913 804 2979 IV.

329 3022 419 3101 Quae
452 3023 535 3088 inter
568 3021 795 3086 Themistii
831 3021 991 3089 orationes
1025 3021 1124 3087 tertnr
1161 3022 1325 3089 trieesima

233 3130 345 3212 „etms
366 3127 396 3196 εἰ
416 3129 631 3216 νεωργητέον“
657 3130 769 3214 spuria
791 3137 848 3196 ost.

330 3349 512 3415 Aristotelis
535 3349 591 3432 qui
613 3348 730 3415 dieitur
752 3346 831 3431 περὶ
852 3341 976 3431 κόσμου
999 3349 1127 3414 libellus
1149 3349 1177 3416 si
1200 3368 1263 3414 non
1285 3347 1326 3414 ab

230 3460 302 3545 ipso
325 3459 463 3544 Apuleio
488 3458 618 3541 (Adami
641 3457 770 3542 quidem
792 3467 980 3540 argumenta
1002 3457 1171 3524 nemodum
1186 3457 1325 3542 euertit),

233 3577 318 3635 eerte
341 3588 404 3634 non
426 3569 560 3633 multum
583 3574 658 3632 ante
680 3567 768 3632 illius
791 3572 928 3632 aetatem
950 3566 1088 3651 seriptus
1103 3575 1160 3632 est.
1184 3567 1325 3650 quieum-
1386 3631 1390 3638 .

231 3696 292 3760 que
324 3665 433 3744 autem
463 3676 538 3742 libri
573 3676 661 3742 illius
694 3675 929 3742 nersionem
959 3675 1000 3740 ab
1022 3674 1159 3760 Apuleio
1187 3676 1325 3760 negle-

231 3793 378 3870 genter
401 3786 519 3851 faetam
542 3785 723 3869 opinantur,
747 3791 778 3850 et
801 3783 1020 3849 Hildebrandi'
1036 3790 1068 3849 et
1092 3784 1234 3869 priomm
1257 3784 1324 3850 edi-

231 3894 337 3959 tiones
359 3914 399 3959 ex
418 3893 559 3978 pessime
581 3893 739 3978 corruptis
761 3891 926 3959 eodieibus
950 3891 1083 3960 fluxisse
1097 3913 1161 3959 non
1177 3892 1321 3960 animad-

113 4025 116 4035 ·
231 4010 403 4070 uerterunt.

776 4116 801 4179 l.

331 4223 403 4291 Non
430 4223 537 4310 priore
569 4223 623 4307 (ef.
645 4114 776 4290 notarii
803 4222 880 4289 diss.
914 4243 945 4306 p.
967 4225 1030 4306 41),
1063 4214 1121 4290 sed
1146 4223 1325 4308 posteriore
