<?xml version="1.0" encoding="UTF-8"?>
<!DOCTYPE html PUBLIC "-//W3C//DTD XHTML 1.0 Transitional//EN"
    "http://www.w3.org/TR/xhtml1/DTD/xhtml1-transitional.dtd">
<html xmlns="http://www.w3.org/1999/xhtml" xml:lang="en" lang="en">
 <head>
  <title>
</title>
<meta http-equiv="Content-Type" content="text/html;charset=utf-8" />
  <meta name='ocr-system' content='tesseract 3.04.00' />
  <meta name='ocr-capabilities' content='ocr_page ocr_carea ocr_par ocr_line ocrx_word'/>
</head>
<body>
  <div class='ocr_page' id='page_1' title='image "./demundimiraculi00rohdgoog_0016.png"; bbox 0 0 3010 4904; ppageno 0'>
   <div class='ocr_carea' id='block_1_1' title="bbox 704 288 722 354">
    <p class='ocr_par' dir='ltr' id='par_1_1' title="bbox 704 288 722 354">
     <span class='ocr_line' id='line_1_1' title="bbox 704 288 722 354; baseline 0 0"><span class='ocrx_word' id='word_1_1' title='bbox 704 288 722 354; x_wconf 77' lang='lat' dir='ltr'>‘i</span> 
     </span>
    </p>
   </div>
   <div class='ocr_carea' id='block_1_2' title="bbox 137 474 1412 3725">
    <p class='ocr_par' dir='ltr' id='par_1_2' title="bbox 165 474 1261 672">
     <span class='ocr_line' id='line_1_2' title="bbox 166 474 1260 563; baseline 0.001 -19"><span class='ocrx_word' id='word_1_2' title='bbox 166 484 198 544; x_wconf 91' lang='lat' dir='ltr'>et</span> <span class='ocrx_word' id='word_1_3' title='bbox 218 477 295 544; x_wconf 87' lang='lat' dir='ltr'><strong>Vibi</strong></span> <span class='ocrx_word' id='word_1_4' title='bbox 317 477 391 561; x_wconf 81' lang='lat' dir='ltr'>Seq.</span> <span class='ocrx_word' id='word_1_5' title='bbox 416 477 596 562; x_wconf 75' lang='lat' dir='ltr'>appendice</span> <span class='ocrx_word' id='word_1_6' title='bbox 628 496 803 561; x_wconf 86' lang='lat' dir='ltr'>congruere</span> <span class='ocrx_word' id='word_1_7' title='bbox 834 477 1002 560; x_wconf 81' lang='lat' dir='ltr'>intellexit,</span> <span class='ocrx_word' id='word_1_8' title='bbox 1034 477 1143 563; x_wconf 87' lang='lat' dir='ltr'>priora</span> <span class='ocrx_word' id='word_1_9' title='bbox 1175 474 1260 546; x_wconf 92' lang='lat' dir='ltr'>unde</span> 
     </span>
     <span class='ocr_line' id='line_1_3' title="bbox 165 585 1261 672; baseline 0.003 -20"><span class='ocrx_word' id='word_1_10' title='bbox 165 585 336 671; x_wconf 88' lang='lat' dir='ltr'>desumpta</span> <span class='ocrx_word' id='word_1_11' title='bbox 356 587 422 653; x_wconf 87' lang='lat' dir='ltr'>sint</span> <span class='ocrx_word' id='word_1_12' title='bbox 443 607 573 672; x_wconf 86' lang='lat' dir='ltr'>prorsus</span> <span class='ocrx_word' id='word_1_13' title='bbox 595 587 720 654; x_wconf 89' lang='lat' dir='ltr'>nescire</span> <span class='ocrx_word' id='word_1_14' title='bbox 741 607 813 654; x_wconf 88' lang='lat' dir='ltr'>sese</span> <span class='ocrx_word' id='word_1_15' title='bbox 834 587 1008 654; x_wconf 90' lang='lat' dir='ltr'>confitetur.</span> <span class='ocrx_word' id='word_1_16' title='bbox 1059 588 1109 652; x_wconf 93' lang='lat' dir='ltr'>De</span> <span class='ocrx_word' id='word_1_17' title='bbox 1139 588 1261 655; x_wconf 91' lang='lat' dir='ltr'>minore</span> 
     </span>
    </p>

    <p class='ocr_par' dir='ltr' id='par_1_3' title="bbox 165 685 1412 1014">
     <span class='ocr_line' id='line_1_4' title="bbox 165 685 1412 788; baseline -0.002 -24"><span class='ocrx_word' id='word_1_18' title='bbox 165 703 257 781; x_wconf 90' lang='lat' dir='ltr'>parte</span> <span class='ocrx_word' id='word_1_19' title='bbox 278 718 355 788; x_wconf 82' lang='lat' dir='ltr'>num</span> <span class='ocrx_word' id='word_1_20' title='bbox 375 702 461 764; x_wconf 89' lang='lat' dir='ltr'>recte</span> <span class='ocrx_word' id='word_1_21' title='bbox 483 696 636 764; x_wconf 88' lang='lat' dir='ltr'>iudicarit</span> <span class='ocrx_word' id='word_1_22' title='bbox 655 696 713 763; x_wconf 97' lang='grc'><strong>1116</strong></span> <span class='ocrx_word' id='word_1_23' title='bbox 731 695 818 764; x_wconf 87' lang='lat' dir='ltr'>infra</span> <span class='ocrx_word' id='word_1_24' title='bbox 831 697 1022 782; x_wconf 88' lang='lat' dir='ltr'>uidebimus,</span> <span class='ocrx_word' id='word_1_25' title='bbox 1045 697 1085 762; x_wconf 90' lang='lat' dir='ltr'>in</span> <span class='ocrx_word' id='word_1_26' title='bbox 1106 685 1412 765; x_wconf 60' lang='lat' dir='ltr'>maiore&#39;remuoae</span> 
     </span>
     <span class='ocr_line' id='line_1_5' title="bbox 166 773 1402 891; baseline -0.002 -19"><span class='ocrx_word' id='word_1_27' title='bbox 166 813 295 872; x_wconf 87' lang='lat' dir='ltr'>autem</span> <span class='ocrx_word' id='word_1_28' title='bbox 316 826 421 889; x_wconf 89' lang='lat' dir='ltr'>quae</span> <span class='ocrx_word' id='word_1_29' title='bbox 443 805 623 872; x_wconf 77' lang='lat' dir='ltr'>tradidit</span> <span class='ocrx_word' id='word_1_30' title='bbox 644 807 856 891; x_wconf 90' lang='lat' dir='ltr'>Ampelius</span> <span class='ocrx_word' id='word_1_31' title='bbox 885 807 1017 873; x_wconf 90' lang='lat' dir='ltr'>omnia</span> <span class='ocrx_word' id='word_1_32' title='bbox 1046 806 1114 871; x_wconf 94' lang='lat' dir='ltr'>uni</span> <span class='ocrx_word' id='word_1_33' title='bbox 1142 805 1260 870; x_wconf 91' lang='lat' dir='ltr'>illum</span> <span class='ocrx_word' id='word_1_34' title='bbox 1281 773 1402 864; x_wconf 42' lang='lat' dir='ltr'>,mg</span> 
     </span>
     <span class='ocr_line' id='line_1_6' title="bbox 166 915 1156 1014; baseline -0.001 -32"><span class='ocrx_word' id='word_1_35' title='bbox 166 915 330 1014; x_wconf 85' lang='lat' dir='ltr'>auctori</span> <span class='ocrx_word' id='word_1_36' title='bbox 351 915 501 981; x_wconf 89' lang='lat' dir='ltr'>debere</span> <span class='ocrx_word' id='word_1_37' title='bbox 524 935 609 982; x_wconf 91' lang='lat' dir='ltr'>nunc</span> <span class='ocrx_word' id='word_1_38' title='bbox 630 915 805 982; x_wconf 90' lang='lat' dir='ltr'>ostendam.</span> <span class='ocrx_word' id='word_1_39' title='bbox 1153 927 1156 935; x_wconf 75' lang='lat'><em>&#39;</em></span> 
     </span>
    </p>

    <p class='ocr_par' dir='ltr' id='par_1_4' title="bbox 162 1024 1260 1328">
     <span class='ocr_line' id='line_1_7' title="bbox 263 1024 1258 1108; baseline -0.002 -18"><span class='ocrx_word' id='word_1_40' title='bbox 263 1025 392 1092; x_wconf 84' lang='lat' dir='ltr'>Etenim</span> <span class='ocrx_word' id='word_1_41' title='bbox 424 1045 488 1092; x_wconf 93' lang='lat' dir='ltr'>non</span> <span class='ocrx_word' id='word_1_42' title='bbox 512 1031 630 1091; x_wconf 87' lang='lat' dir='ltr'>temere</span> <span class='ocrx_word' id='word_1_43' title='bbox 659 1024 715 1090; x_wconf 90' lang='lat' dir='ltr'>ille</span> <span class='ocrx_word' id='word_1_44' title='bbox 737 1043 820 1108; x_wconf 90' lang='lat' dir='ltr'>qnae</span> <span class='ocrx_word' id='word_1_45' title='bbox 841 1043 967 1108; x_wconf 91' lang='lat' dir='ltr'>quoque</span> <span class='ocrx_word' id='word_1_46' title='bbox 990 1025 1062 1090; x_wconf 92' lang='lat' dir='ltr'>loeo</span> <span class='ocrx_word' id='word_1_47' title='bbox 1084 1029 1258 1090; x_wconf 89' lang='lat' dir='ltr'>memoratu</span> 
     </span>
     <span class='ocr_line' id='line_1_8' title="bbox 165 1133 1259 1220; baseline 0 -20"><span class='ocrx_word' id='word_1_48' title='bbox 165 1133 265 1220; x_wconf 90' lang='lat' dir='ltr'>digna</span> <span class='ocrx_word' id='word_1_49' title='bbox 296 1135 349 1200; x_wconf 91' lang='lat' dir='ltr'>uel</span> <span class='ocrx_word' id='word_1_50' title='bbox 381 1134 551 1202; x_wconf 88' lang='lat' dir='ltr'>audiuerat</span> <span class='ocrx_word' id='word_1_51' title='bbox 578 1134 631 1200; x_wconf 88' lang='lat' dir='ltr'>uel</span> <span class='ocrx_word' id='word_1_52' title='bbox 659 1134 783 1220; x_wconf 78' lang='lat' dir='ltr'>legerat</span> <span class='ocrx_word' id='word_1_53' title='bbox 810 1134 864 1200; x_wconf 92' lang='lat' dir='ltr'>uel</span> <span class='ocrx_word' id='word_1_54' title='bbox 892 1133 962 1218; x_wconf 88' lang='lat' dir='ltr'>ipse</span> <span class='ocrx_word' id='word_1_55' title='bbox 984 1134 1112 1200; x_wconf 88' lang='lat' dir='ltr'>uiderat</span> <span class='ocrx_word' id='word_1_56' title='bbox 1133 1154 1259 1200; x_wconf 83' lang='lat' dir='ltr'>coacer-</span> 
     </span>
     <span class='ocr_line' id='line_1_9' title="bbox 162 1242 1260 1328; baseline -0.002 -17"><span class='ocrx_word' id='word_1_57' title='bbox 162 1245 261 1328; x_wconf 88' lang='lat' dir='ltr'>uauit,</span> <span class='ocrx_word' id='word_1_58' title='bbox 294 1243 365 1310; x_wconf 89' lang='lat' dir='ltr'>sed·</span> <span class='ocrx_word' id='word_1_59' title='bbox 385 1250 471 1311; x_wconf 90' lang='lat' dir='ltr'>certo</span> <span class='ocrx_word' id='word_1_60' title='bbox 502 1242 637 1310; x_wconf 88' lang='lat' dir='ltr'>consilio</span> <span class='ocrx_word' id='word_1_61' title='bbox 658 1250 852 1310; x_wconf 91' lang='lat' dir='ltr'>terrarum</span> <span class='ocrx_word' id='word_1_62' title='bbox 873 1243 1021 1310; x_wconf 84' lang='lat' dir='ltr'>ordine</span> <span class='ocrx_word' id='word_1_63' title='bbox 1041 1249 1151 1308; x_wconf 91' lang='lat' dir='ltr'>reete</span> <span class='ocrx_word' id='word_1_64' title='bbox 1173 1264 1260 1309; x_wconf 89' lang='lat' dir='ltr'>ser·</span> 
     </span>
    </p>

    <p class='ocr_par' dir='ltr' id='par_1_5' title="bbox 137 1345 1260 1870">
     <span class='ocr_line' id='line_1_10' title="bbox 137 1345 1259 1437; baseline -0.002 -17"><span class='ocrx_word' id='word_1_65' title='bbox 137 1345 254 1420; x_wconf 54' lang='lat' dir='ltr'>&#39;nato</span> <span class='ocrx_word' id='word_1_66' title='bbox 289 1353 331 1418; x_wconf 88' lang='lat' dir='ltr'>ab</span> <span class='ocrx_word' id='word_1_67' title='bbox 361 1371 424 1418; x_wconf 90' lang='lat' dir='ltr'>uno</span> <span class='ocrx_word' id='word_1_68' title='bbox 457 1350 500 1417; x_wconf 89' lang='lat' dir='ltr'>ad</span> <span class='ocrx_word' id='word_1_69' title='bbox 524 1353 661 1418; x_wconf 88' lang='lat' dir='ltr'>alterum</span> <span class='ocrx_word' id='word_1_70' title='bbox 689 1352 854 1437; x_wconf 89' lang='lat' dir='ltr'>processit.</span> <span class='ocrx_word' id='word_1_71' title='bbox 897 1351 934 1417; x_wconf 93' lang='lat' dir='ltr'>id</span> <span class='ocrx_word' id='word_1_72' title='bbox 960 1351 1047 1434; x_wconf 93' lang='lat' dir='ltr'>quod</span> <span class='ocrx_word' id='word_1_73' title='bbox 1067 1371 1104 1417; x_wconf 91' lang='lat' dir='ltr'>eo</span> <span class='ocrx_word' id='word_1_74' title='bbox 1127 1353 1259 1418; x_wconf 90' lang='lat' dir='ltr'>maioris</span> 
     </span>
     <span class='ocr_line' id='line_1_11' title="bbox 163 1460 1258 1545; baseline -0.005 -14"><span class='ocrx_word' id='word_1_75' title='bbox 163 1485 235 1532; x_wconf 85' lang='lat' dir='ltr'>esse</span> <span class='ocrx_word' id='word_1_76' title='bbox 256 1462 409 1528; x_wconf 88' lang='lat' dir='ltr'>momenti</span> <span class='ocrx_word' id='word_1_77' title='bbox 432 1460 524 1545; x_wconf 91' lang='lat' dir='ltr'>duco,</span> <span class='ocrx_word' id='word_1_78' title='bbox 547 1460 624 1544; x_wconf 93' lang='lat' dir='ltr'>quia</span> <span class='ocrx_word' id='word_1_79' title='bbox 642 1461 726 1528; x_wconf 81' lang='lat' dir='ltr'>inter</span> <span class='ocrx_word' id='word_1_80' title='bbox 745 1481 854 1528; x_wconf 90' lang='lat' dir='ltr'>omnes</span> <span class='ocrx_word' id='word_1_81' title='bbox 876 1460 983 1530; x_wconf 90' lang='lat' dir='ltr'>adhuc</span> <span class='ocrx_word' id='word_1_82' title='bbox 1007 1460 1111 1527; x_wconf 87' lang='lat' dir='ltr'>editas</span> <span class='ocrx_word' id='word_1_83' title='bbox 1128 1461 1258 1527; x_wconf 89' lang='lat' dir='ltr'>mirabi-</span> 
     </span>
     <span class='ocr_line' id='line_1_12' title="bbox 162 1564 1260 1668; baseline -0.005 -32"><span class='ocrx_word' id='word_1_84' title='bbox 162 1567 243 1638; x_wconf 88' lang='lat' dir='ltr'>lium</span> <span class='ocrx_word' id='word_1_85' title='bbox 271 1567 487 1636; x_wconf 73' lang='lat' dir='ltr'>conlectiones</span> <span class='ocrx_word' id='word_1_86' title='bbox 502 1568 525 1608; x_wconf 81' lang='lat'>¹²</span> <span class='ocrx_word' id='word_1_87' title='bbox 544 1586 622 1668; x_wconf 48' lang='lat' dir='ltr'>suna</span> <span class='ocrx_word' id='word_1_88' title='bbox 653 1567 752 1634; x_wconf 87' lang='lat' dir='ltr'>haece</span> <span class='ocrx_word' id='word_1_89' title='bbox 780 1565 915 1650; x_wconf 82' lang='lat' dir='ltr'>perinde</span> <span class='ocrx_word' id='word_1_90' title='bbox 942 1571 1038 1649; x_wconf 87' lang='lat' dir='ltr'>atque</span> <span class='ocrx_word' id='word_1_91' title='bbox 1065 1565 1169 1650; x_wconf 87' lang='lat' dir='ltr'>prima</span> <span class='ocrx_word' id='word_1_92' title='bbox 1201 1564 1260 1630; x_wconf 89' lang='lat' dir='ltr'>illa</span> 
     </span>
     <span class='ocr_line' id='line_1_13' title="bbox 143 1661 1258 1762; baseline -0.005 -20"><span class='ocrx_word' id='word_1_93' title='bbox 143 1661 359 1759; x_wconf 63' lang='lat' dir='ltr'>&#39;sapaudus</span> <span class='ocrx_word' id='word_1_94' title='bbox 390 1675 445 1742; x_wconf 81' lang='grc' dir='ltr'>καὶ</span> <span class='ocrx_word' id='word_1_95' title='bbox 477 1674 673 1758; x_wconf 80' lang='grc' dir='ltr'><strong><em>παραδόξων</em></strong></span> <span class='ocrx_word' id='word_1_96' title='bbox 705 1668 870 1762; x_wconf 73' lang='grc' dir='ltr'>συναγωγή</span> <span class='ocrx_word' id='word_1_97' title='bbox 906 1673 1124 1742; x_wconf 80' lang='lat' dir='ltr'>Gallimaehea</span> <span class='ocrx_word' id='word_1_98' title='bbox 1156 1666 1258 1737; x_wconf 81' lang='grc' dir='ltr'><strong><em>κατὰ</em></strong></span> 
     </span>
     <span class='ocr_line' id='line_1_14' title="bbox 162 1778 606 1870; baseline 0.011 -23"><span class='ocrx_word' id='word_1_99' title='bbox 162 1778 324 1862; x_wconf 79' lang='grc' dir='ltr'><strong><em>τόπους</em></strong></span> <span class='ocrx_word' id='word_1_100' title='bbox 346 1791 396 1852; x_wconf 85' lang='lat' dir='ltr'>est</span> <span class='ocrx_word' id='word_1_101' title='bbox 418 1785 606 1870; x_wconf 78' lang='lat' dir='ltr'>composita.</span> 
     </span>
    </p>

    <p class='ocr_par' dir='ltr' id='par_1_6' title="bbox 160 1881 1355 3725">
     <span class='ocr_line' id='line_1_15' title="bbox 261 1881 1258 1980; baseline -0.006 -18"><span class='ocrx_word' id='word_1_102' title='bbox 261 1897 332 1962; x_wconf 90' lang='lat' dir='ltr'>Iam</span> <span class='ocrx_word' id='word_1_103' title='bbox 352 1896 482 1980; x_wconf 88' lang='lat' dir='ltr'>singula</span> <span class='ocrx_word' id='word_1_104' title='bbox 503 1881 771 1979; x_wconf 79' lang='lat' dir='ltr'>introspiciamus.</span> <span class='ocrx_word' id='word_1_105' title='bbox 813 1894 855 1960; x_wconf 89' lang='lat' dir='ltr'>ab</span> <span class='ocrx_word' id='word_1_106' title='bbox 884 1892 1100 1979; x_wconf 90' lang='lat' dir='ltr'>Apollonia</span> <span class='ocrx_word' id='word_1_107' title='bbox 1125 1889 1258 1975; x_wconf 88' lang='lat' dir='ltr'>Illyriae</span> 
     </span>
     <span class='ocr_line' id='line_1_16' title="bbox 163 1999 1355 2090; baseline -0.006 -18"><span class='ocrx_word' id='word_1_108' title='bbox 163 2007 241 2072; x_wconf 89' lang='lat' dir='ltr'>urbe</span> <span class='ocrx_word' id='word_1_109' title='bbox 273 2005 435 2090; x_wconf 84' lang='lat' dir='ltr'>profectus</span> <span class='ocrx_word' id='word_1_110' title='bbox 469 2004 510 2071; x_wconf 92' lang='lat' dir='ltr'>de</span> <span class='ocrx_word' id='word_1_111' title='bbox 529 2003 746 2070; x_wconf 88' lang='lat' dir='ltr'>Ambracia</span> <span class='ocrx_word' id='word_1_112' title='bbox 766 2003 972 2087; x_wconf 82' lang='lat' dir='ltr'>Argisque</span> <span class='ocrx_word' id='word_1_113' title='bbox 993 2001 1086 2086; x_wconf 84' lang='lat' dir='ltr'>Epiri</span> <span class='ocrx_word' id='word_1_114' title='bbox 1118 1999 1256 2085; x_wconf 91' lang='lat' dir='ltr'>oppidis,</span> <span class='ocrx_word' id='word_1_115' title='bbox 1351 2068 1355 2076; x_wconf 72' lang='grc'><em>,</em></span> 
     </span>
     <span class='ocr_line' id='line_1_17' title="bbox 164 2108 1257 2193; baseline -0.005 -13"><span class='ocrx_word' id='word_1_116' title='bbox 164 2113 280 2180; x_wconf 88' lang='lat' dir='ltr'>deinde</span> <span class='ocrx_word' id='word_1_117' title='bbox 302 2113 343 2179; x_wconf 91' lang='lat' dir='ltr'>de</span> <span class='ocrx_word' id='word_1_118' title='bbox 365 2110 557 2180; x_wconf 89' lang='lat' dir='ltr'>Leucade</span> <span class='ocrx_word' id='word_1_119' title='bbox 578 2111 685 2178; x_wconf 89' lang='lat' dir='ltr'>insula</span> <span class='ocrx_word' id='word_1_120' title='bbox 707 2129 789 2193; x_wconf 90' lang='lat' dir='ltr'>quae</span> <span class='ocrx_word' id='word_1_121' title='bbox 803 2109 1025 2177; x_wconf 80' lang='lat' dir='ltr'>memorabilia</span> <span class='ocrx_word' id='word_1_122' title='bbox 1040 2108 1257 2175; x_wconf 86' lang='lat' dir='ltr'>arbitrabatur</span> 
     </span>
     <span class='ocr_line' id='line_1_18' title="bbox 163 2219 1254 2308; baseline -0.006 -18"><span class='ocrx_word' id='word_1_123' title='bbox 163 2223 299 2307; x_wconf 79' lang='lat' dir='ltr'>scriptor</span> <span class='ocrx_word' id='word_1_124' title='bbox 320 2223 476 2308; x_wconf 85' lang='lat' dir='ltr'>exposuit.</span> <span class='ocrx_word' id='word_1_125' title='bbox 527 2219 805 2306; x_wconf 85' lang='lat' dir='ltr'>Peloponnesi</span> <span class='ocrx_word' id='word_1_126' title='bbox 825 2220 920 2286; x_wconf 88' lang='lat' dir='ltr'>urbes</span> <span class='ocrx_word' id='word_1_127' title='bbox 941 2226 1092 2286; x_wconf 89' lang='lat' dir='ltr'>secuntur</span> <span class='ocrx_word' id='word_1_128' title='bbox 1116 2219 1254 2284; x_wconf 89' lang='lat' dir='ltr'>celeber·</span> 
     </span>
     <span class='ocr_line' id='line_1_19' title="bbox 163 2309 1257 2417; baseline -0.005 -19"><span class='ocrx_word' id='word_1_129' title='bbox 163 2309 264 2398; x_wconf 81' lang='lat' dir='ltr'>rimae</span> <span class='ocrx_word' id='word_1_130' title='bbox 285 2331 588 2417; x_wconf 83' lang='lat' dir='ltr'>SicyonArgos</span> <span class='ocrx_word' id='word_1_131' title='bbox 612 2329 814 2414; x_wconf 88' lang='lat' dir='ltr'>Olympia</span> <span class='ocrx_word' id='word_1_132' title='bbox 835 2328 1067 2396; x_wconf 83' lang='lat' dir='ltr'>Corinthus.</span> <span class='ocrx_word' id='word_1_133' title='bbox 1109 2326 1194 2393; x_wconf 86' lang='lat' dir='ltr'>unde</span> <span class='ocrx_word' id='word_1_134' title='bbox 1222 2327 1257 2393; x_wconf 93' lang='lat' dir='ltr'>in</span> 
     </span>
     <span class='ocr_line' id='line_1_20' title="bbox 162 2438 1256 2526; baseline 0.001 -22"><span class='ocrx_word' id='word_1_135' title='bbox 162 2439 309 2506; x_wconf 84' lang='lat' dir='ltr'>Helladis</span> <span class='ocrx_word' id='word_1_136' title='bbox 342 2461 424 2524; x_wconf 90' lang='lat' dir='ltr'>quae</span> <span class='ocrx_word' id='word_1_137' title='bbox 457 2442 501 2506; x_wconf 88' lang='lat' dir='ltr'>ad</span> <span class='ocrx_word' id='word_1_138' title='bbox 530 2441 686 2507; x_wconf 89' lang='lat' dir='ltr'>orientem</span> <span class='ocrx_word' id='word_1_139' title='bbox 716 2445 863 2526; x_wconf 86' lang='lat' dir='ltr'>spectant</span> <span class='ocrx_word' id='word_1_140' title='bbox 885 2438 1033 2524; x_wconf 84' lang='lat' dir='ltr'>regiones</span> <span class='ocrx_word' id='word_1_141' title='bbox 1055 2445 1256 2505; x_wconf 89' lang='lat' dir='ltr'>transuectus</span> 
     </span>
     <span class='ocr_line' id='line_1_21' title="bbox 162 2549 1256 2635; baseline 0 -21"><span class='ocrx_word' id='word_1_142' title='bbox 162 2550 296 2615; x_wconf 92' lang='lat' dir='ltr'>locum</span> <span class='ocrx_word' id='word_1_143' title='bbox 316 2549 567 2632; x_wconf 88' lang='lat' dir='ltr'>Amphiarao</span> <span class='ocrx_word' id='word_1_144' title='bbox 588 2549 865 2635; x_wconf 87' lang='lat' dir='ltr'>sacrumadiit,</span> <span class='ocrx_word' id='word_1_145' title='bbox 887 2549 963 2616; x_wconf 90' lang='lat' dir='ltr'>inde</span> <span class='ocrx_word' id='word_1_146' title='bbox 985 2549 1177 2615; x_wconf 82' lang='lat' dir='ltr'>Athenas.</span> <span class='ocrx_word' id='word_1_147' title='bbox 1206 2550 1256 2614; x_wconf 92' lang='lat' dir='ltr'>De</span> 
     </span>
     <span class='ocr_line' id='line_1_22' title="bbox 163 2658 1256 2742; baseline 0.001 -18"><span class='ocrx_word' id='word_1_148' title='bbox 163 2658 334 2726; x_wconf 79' lang='lat' dir='ltr'>Thessalia</span> <span class='ocrx_word' id='word_1_149' title='bbox 362 2659 553 2726; x_wconf 89' lang='lat' dir='ltr'>Macedonia</span> <span class='ocrx_word' id='word_1_150' title='bbox 585 2659 727 2728; x_wconf 82' lang='lat' dir='ltr'>Thracia</span> <span class='ocrx_word' id='word_1_151' title='bbox 757 2660 805 2726; x_wconf 93' lang='lat' dir='ltr'>nil</span> <span class='ocrx_word' id='word_1_152' title='bbox 836 2659 982 2742; x_wconf 63' lang='lat' dir='ltr'>additum</span> <span class='ocrx_word' id='word_1_153' title='bbox 1027 2659 1256 2742; x_wconf 84' lang='lat' dir='ltr'>subsequentia</span> 
     </span>
     <span class='ocr_line' id='line_1_23' title="bbox 162 2767 1255 2852; baseline 0 -18"><span class='ocrx_word' id='word_1_154' title='bbox 162 2767 256 2834; x_wconf 89' lang='lat' dir='ltr'>uides</span> <span class='ocrx_word' id='word_1_155' title='bbox 276 2769 385 2834; x_wconf 87' lang='lat' dir='ltr'>omnia</span> <span class='ocrx_word' id='word_1_156' title='bbox 406 2768 448 2835; x_wconf 92' lang='lat' dir='ltr'>de</span> <span class='ocrx_word' id='word_1_157' title='bbox 467 2769 588 2836; x_wconf 89' lang='lat' dir='ltr'>Asiae</span> <span class='ocrx_word' id='word_1_158' title='bbox 611 2790 707 2852; x_wconf 89' lang='lat' dir='ltr'>quam</span> <span class='ocrx_word' id='word_1_159' title='bbox 729 2769 842 2837; x_wconf 89' lang='lat' dir='ltr'>dicunt</span> <span class='ocrx_word' id='word_1_160' title='bbox 863 2770 995 2838; x_wconf 90' lang='lat' dir='ltr'>minoris</span> <span class='ocrx_word' id='word_1_161' title='bbox 1015 2770 1095 2836; x_wconf 88' lang='lat' dir='ltr'>locis</span> <span class='ocrx_word' id='word_1_162' title='bbox 1118 2769 1255 2835; x_wconf 89' lang='lat' dir='ltr'>conscri-</span> 
     </span>
     <span class='ocr_line' id='line_1_24' title="bbox 163 2877 1254 2964; baseline 0.001 -21"><span class='ocrx_word' id='word_1_163' title='bbox 163 2884 220 2958; x_wconf 88' lang='lat' dir='ltr'>pta</span> <span class='ocrx_word' id='word_1_164' title='bbox 238 2884 272 2944; x_wconf 87' lang='lat' dir='ltr'>et</span> <span class='ocrx_word' id='word_1_165' title='bbox 304 2877 352 2944; x_wconf 88' lang='lat' dir='ltr'>ita</span> <span class='ocrx_word' id='word_1_166' title='bbox 373 2877 512 2962; x_wconf 90' lang='lat' dir='ltr'>quidem,</span> <span class='ocrx_word' id='word_1_167' title='bbox 545 2884 581 2944; x_wconf 92' lang='lat' dir='ltr'>ut</span> <span class='ocrx_word' id='word_1_168' title='bbox 601 2879 725 2944; x_wconf 91' lang='lat' dir='ltr'>Ilium</span> <span class='ocrx_word' id='word_1_169' title='bbox 756 2879 845 2964; x_wconf 91' lang='lat' dir='ltr'>prins</span> <span class='ocrx_word' id='word_1_170' title='bbox 866 2879 1074 2964; x_wconf 80' lang='lat' dir='ltr'>Ephesum</span> <span class='ocrx_word' id='word_1_171' title='bbox 1096 2878 1254 2946; x_wconf 86' lang='lat' dir='ltr'>Samum</span> 
     </span>
     <span class='ocr_line' id='line_1_25' title="bbox 161 2984 1256 3070; baseline 0.001 -20"><span class='ocrx_word' id='word_1_172' title='bbox 161 2985 299 3070; x_wconf 88' lang='lat' dir='ltr'>scriptor</span> <span class='ocrx_word' id='word_1_173' title='bbox 326 2985 473 3070; x_wconf 88' lang='lat' dir='ltr'>attingat,</span> <span class='ocrx_word' id='word_1_174' title='bbox 508 2984 607 3051; x_wconf 89' lang='lat' dir='ltr'>addat</span> <span class='ocrx_word' id='word_1_175' title='bbox 625 2985 766 3070; x_wconf 86' lang='lat' dir='ltr'>deinde,</span> <span class='ocrx_word' id='word_1_176' title='bbox 803 2993 890 3059; x_wconf 85' lang='lat' dir='ltr'>certa</span> <span class='ocrx_word' id='word_1_177' title='bbox 916 2992 951 3052; x_wconf 91' lang='lat' dir='ltr'>ut</span> <span class='ocrx_word' id='word_1_178' title='bbox 973 2985 1122 3070; x_wconf 90' lang='lat' dir='ltr'>equidem</span> <span class='ocrx_word' id='word_1_179' title='bbox 1143 2987 1256 3070; x_wconf 92' lang='lat' dir='ltr'>opinor</span> 
     </span>
     <span class='ocr_line' id='line_1_26' title="bbox 162 3095 1256 3180; baseline 0.003 -21"><span class='ocrx_word' id='word_1_180' title='bbox 162 3114 261 3160; x_wconf 89' lang='lat' dir='ltr'>causa</span> <span class='ocrx_word' id='word_1_181' title='bbox 294 3099 478 3180; x_wconf 90' lang='lat' dir='ltr'>commotus,</span> <span class='ocrx_word' id='word_1_182' title='bbox 512 3115 594 3180; x_wconf 86' lang='lat' dir='ltr'>quae</span> <span class='ocrx_word' id='word_1_183' title='bbox 627 3095 815 3180; x_wconf 86' lang='lat' dir='ltr'>Pergami</span> <span class='ocrx_word' id='word_1_184' title='bbox 847 3096 934 3162; x_wconf 90' lang='lat' dir='ltr'>Iasi</span> <span class='ocrx_word' id='word_1_185' title='bbox 968 3095 1055 3178; x_wconf 88' lang='lat' dir='ltr'>(nam</span> <span class='ocrx_word' id='word_1_186' title='bbox 1085 3095 1256 3162; x_wconf 87' lang='lat' dir='ltr'>uerissima</span> 
     </span>
     <span class='ocr_line' id='line_1_27' title="bbox 160 3203 1254 3291; baseline 0.003 -22"><span class='ocrx_word' id='word_1_187' title='bbox 160 3203 241 3270; x_wconf 92' lang='lat' dir='ltr'>haec</span> <span class='ocrx_word' id='word_1_188' title='bbox 262 3210 310 3272; x_wconf 93' lang='lat' dir='ltr'>est</span> <span class='ocrx_word' id='word_1_189' title='bbox 332 3204 486 3274; x_wconf 84' lang='lat' dir='ltr'>Urlichsii</span> <span class='ocrx_word' id='word_1_190' title='bbox 517 3203 711 3288; x_wconf 86' lang='lat' dir='ltr'>emendatio)</span> <span class='ocrx_word' id='word_1_191' title='bbox 740 3205 976 3291; x_wconf 86' lang='lat' dir='ltr'>Bargyliis,</span> <span class='ocrx_word' id='word_1_192' title='bbox 1009 3204 1149 3288; x_wconf 88' lang='lat' dir='ltr'>denique</span> <span class='ocrx_word' id='word_1_193' title='bbox 1177 3207 1254 3272; x_wconf 88' lang='lat' dir='ltr'>Ma-</span> 
     </span>
     <span class='ocr_line' id='line_1_28' title="bbox 160 3313 1255 3398; baseline 0 -16"><span class='ocrx_word' id='word_1_194' title='bbox 160 3313 330 3398; x_wconf 90' lang='lat' dir='ltr'>gnesiae</span> <span class='ocrx_word' id='word_1_195' title='bbox 353 3314 535 3397; x_wconf 88' lang='lat' dir='ltr'>cognitione</span> <span class='ocrx_word' id='word_1_196' title='bbox 558 3313 659 3397; x_wconf 85' lang='lat' dir='ltr'>digna</span> <span class='ocrx_word' id='word_1_197' title='bbox 676 3314 744 3380; x_wconf 90' lang='lat' dir='ltr'>sibi</span> <span class='ocrx_word' id='word_1_198' title='bbox 765 3314 838 3383; x_wconf 90' lang='lat' dir='ltr'>uisa</span> <span class='ocrx_word' id='word_1_199' title='bbox 859 3315 933 3382; x_wconf 87' lang='lat' dir='ltr'>sint.</span> <span class='ocrx_word' id='word_1_200' title='bbox 984 3315 1054 3382; x_wconf 87' lang='lat' dir='ltr'>Iam</span> <span class='ocrx_word' id='word_1_201' title='bbox 1074 3316 1177 3382; x_wconf 90' lang='lat' dir='ltr'>altera</span> <span class='ocrx_word' id='word_1_202' title='bbox 1196 3315 1255 3382; x_wconf 88' lang='lat' dir='ltr'>illa</span> 
     </span>
     <span class='ocr_line' id='line_1_29' title="bbox 160 3423 1255 3508; baseline 0.002 -20"><span class='ocrx_word' id='word_1_203' title='bbox 160 3423 282 3489; x_wconf 89' lang='lat' dir='ltr'>minore</span> <span class='ocrx_word' id='word_1_204' title='bbox 304 3429 394 3506; x_wconf 85' lang='lat' dir='ltr'>parte</span> <span class='ocrx_word' id='word_1_205' title='bbox 416 3423 548 3488; x_wconf 88' lang='lat' dir='ltr'>alterius</span> <span class='ocrx_word' id='word_1_206' title='bbox 571 3423 770 3490; x_wconf 85' lang='lat' dir='ltr'>continuatio</span> <span class='ocrx_word' id='word_1_207' title='bbox 802 3423 1051 3508; x_wconf 86' lang='lat' dir='ltr'>interrumpitur,</span> <span class='ocrx_word' id='word_1_208' title='bbox 1074 3445 1138 3508; x_wconf 90' lang='lat' dir='ltr'>qua</span> <span class='ocrx_word' id='word_1_209' title='bbox 1164 3424 1255 3492; x_wconf 88' lang='lat' dir='ltr'>finita</span> 
     </span>
     <span class='ocr_line' id='line_1_30' title="bbox 161 3531 1346 3616; baseline -0.002 -20"><span class='ocrx_word' id='word_1_210' title='bbox 161 3531 201 3596; x_wconf 90' lang='lat' dir='ltr'>de</span> <span class='ocrx_word' id='word_1_211' title='bbox 222 3533 401 3616; x_wconf 82' lang='lat' dir='ltr'>Aegypti</span> <span class='ocrx_word' id='word_1_212' title='bbox 424 3531 617 3614; x_wconf 86' lang='lat' dir='ltr'>quibusdam</span> <span class='ocrx_word' id='word_1_213' title='bbox 637 3533 801 3598; x_wconf 84' lang='lat' dir='ltr'>miraculis</span> <span class='ocrx_word' id='word_1_214' title='bbox 830 3533 981 3599; x_wconf 88' lang='lat' dir='ltr'>certiores</span> <span class='ocrx_word' id='word_1_215' title='bbox 1010 3532 1113 3598; x_wconf 89' lang='lat' dir='ltr'>fimus.</span> <span class='ocrx_word' id='word_1_216' title='bbox 1168 3533 1253 3616; x_wconf 92' lang='lat' dir='ltr'>quod</span> <span class='ocrx_word' id='word_1_217' title='bbox 1344 3591 1346 3594; x_wconf 17' lang='lat' dir='ltr'>a</span> 
     </span>
     <span class='ocr_line' id='line_1_31' title="bbox 161 3640 1253 3725; baseline 0.002 -20"><span class='ocrx_word' id='word_1_218' title='bbox 161 3644 272 3706; x_wconf 82' lang='lat' dir='ltr'>autem&#39;</span> <span class='ocrx_word' id='word_1_219' title='bbox 284 3640 319 3705; x_wconf 93' lang='lat' dir='ltr'>iu</span> <span class='ocrx_word' id='word_1_220' title='bbox 339 3640 403 3706; x_wconf 87' lang='lat' dir='ltr'>fine</span> <span class='ocrx_word' id='word_1_221' title='bbox 423 3641 539 3725; x_wconf 88' lang='lat' dir='ltr'>capitis</span> <span class='ocrx_word' id='word_1_222' title='bbox 559 3641 589 3724; x_wconf 66' lang='grc' dir='ltr'>(θ</span> <span class='ocrx_word' id='word_1_223' title='bbox 604 3642 660 3723; x_wconf 81' lang='lat'>25)</span> <span class='ocrx_word' id='word_1_224' title='bbox 681 3641 842 3708; x_wconf 87' lang='lat' dir='ltr'>adiectum</span> <span class='ocrx_word' id='word_1_225' title='bbox 864 3648 914 3707; x_wconf 88' lang='lat' dir='ltr'>est</span> <span class='ocrx_word' id='word_1_226' title='bbox 928 3641 1010 3708; x_wconf 90' lang='lat' dir='ltr'>falso</span> <span class='ocrx_word' id='word_1_227' title='bbox 1031 3648 1194 3724; x_wconf 90' lang='lat' dir='ltr'>tamquam</span> <span class='ocrx_word' id='word_1_228' title='bbox 1213 3642 1253 3708; x_wconf 93' lang='lat' dir='ltr'>de</span> 
     </span>
    </p>
   </div>
   <div class='ocr_carea' id='block_1_3' title="bbox 160 3747 1293 3837">
    <p class='ocr_par' dir='ltr' id='par_1_7' title="bbox 160 3747 1293 3837">
     <span class='ocr_line' id='line_1_32' title="bbox 160 3747 1293 3837; baseline 0.004 -24"><span class='ocrx_word' id='word_1_229' title='bbox 160 3768 243 3816; x_wconf 88' lang='lat' dir='ltr'>nouo</span> <span class='ocrx_word' id='word_1_230' title='bbox 275 3748 430 3816; x_wconf 90' lang='lat' dir='ltr'>miraculo</span> <span class='ocrx_word' id='word_1_231' title='bbox 467 3747 586 3816; x_wconf 91' lang='lat' dir='ltr'>dictum</span> <span class='ocrx_word' id='word_1_232' title='bbox 619 3751 876 3837; x_wconf 81' lang='lat' dir='ltr'>interpretantur,</span> <span class='ocrx_word' id='word_1_233' title='bbox 911 3751 1062 3834; x_wconf 86' lang='lat' dir='ltr'>quoniam</span> <span class='ocrx_word' id='word_1_234' title='bbox 1092 3753 1253 3818; x_wconf 89' lang='lat' dir='ltr'>artissime</span> <span class='ocrx_word' id='word_1_235' title='bbox 1291 3771 1293 3775; x_wconf 86' lang='lat'>·</span> 
     </span>
    </p>
   </div>
   <div class='ocr_carea' id='block_1_4' title="bbox 159 3991 1252 4255">
    <p class='ocr_par' dir='ltr' id='par_1_8' title="bbox 159 3991 1252 4255">
     <span class='ocr_line' id='line_1_33' title="bbox 260 3991 1252 4065; baseline 0.004 -19"><span class='ocrx_word' id='word_1_236' title='bbox 260 3991 293 4046; x_wconf 85' lang='lat'>12</span> <span class='ocrx_word' id='word_1_237' title='bbox 312 3996 340 4047; x_wconf 89' lang='lat' dir='ltr'>et</span> <span class='ocrx_word' id='word_1_238' title='bbox 357 3993 413 4051; x_wconf 85' lang='lat' dir='ltr'>illis</span> <span class='ocrx_word' id='word_1_239' title='bbox 430 3993 483 4049; x_wconf 93' lang='lat' dir='ltr'>hoc</span> <span class='ocrx_word' id='word_1_240' title='bbox 503 3997 587 4064; x_wconf 84' lang='lat' dir='ltr'>ceput</span> <span class='ocrx_word' id='word_1_241' title='bbox 605 3993 840 4050; x_wconf 86' lang='lat' dir='ltr'>adnumerandum</span> <span class='ocrx_word' id='word_1_242' title='bbox 860 4009 916 4049; x_wconf 86' lang='lat' dir='ltr'>esse</span> <span class='ocrx_word' id='word_1_243' title='bbox 928 4010 1008 4048; x_wconf 87' lang='lat' dir='ltr'>nemo</span> <span class='ocrx_word' id='word_1_244' title='bbox 1019 3994 1140 4065; x_wconf 84' lang='lat' dir='ltr'>negabit,</span> <span class='ocrx_word' id='word_1_245' title='bbox 1159 4011 1252 4064; x_wconf 84' lang='lat' dir='ltr'>quam·</span> 
     </span>
     <span class='ocr_line' id='line_1_34' title="bbox 161 4089 1252 4160; baseline 0 -16"><span class='ocrx_word' id='word_1_246' title='bbox 161 4105 246 4160; x_wconf 82' lang='lat' dir='ltr'>quum</span> <span class='ocrx_word' id='word_1_247' title='bbox 265 4089 295 4144; x_wconf 88' lang='lat' dir='ltr'>in</span> <span class='ocrx_word' id='word_1_248' title='bbox 312 4090 411 4147; x_wconf 85' lang='lat' dir='ltr'>ceteris</span> <span class='ocrx_word' id='word_1_249' title='bbox 432 4091 466 4144; x_wconf 88' lang='lat' dir='ltr'>de</span> <span class='ocrx_word' id='word_1_250' title='bbox 484 4091 658 4146; x_wconf 84' lang='lat' dir='ltr'>mirabilibus</span> <span class='ocrx_word' id='word_1_251' title='bbox 676 4090 806 4160; x_wconf 85' lang='lat' dir='ltr'>operibus</span> <span class='ocrx_word' id='word_1_252' title='bbox 832 4091 915 4145; x_wconf 84' lang='lat' dir='ltr'>certis</span> <span class='ocrx_word' id='word_1_253' title='bbox 941 4090 976 4144; x_wconf 89' lang='lat' dir='ltr'>de</span> <span class='ocrx_word' id='word_1_254' title='bbox 997 4090 1085 4146; x_wconf 83' lang='lat' dir='ltr'>causis</span> <span class='ocrx_word' id='word_1_255' title='bbox 1112 4095 1160 4144; x_wconf 91' lang='lat' dir='ltr'>aut</span> <span class='ocrx_word' id='word_1_256' title='bbox 1177 4089 1252 4144; x_wconf 86' lang='lat' dir='ltr'>nulla</span> 
     </span>
     <span class='ocr_line' id='line_1_35' title="bbox 159 4186 498 4255; baseline 0 -15"><span class='ocrx_word' id='word_1_257' title='bbox 159 4190 207 4240; x_wconf 87' lang='lat' dir='ltr'>aut</span> <span class='ocrx_word' id='word_1_258' title='bbox 228 4203 315 4255; x_wconf 83' lang='lat' dir='ltr'>pauca</span> <span class='ocrx_word' id='word_1_259' title='bbox 331 4186 408 4241; x_wconf 85' lang='lat' dir='ltr'>dicte</span> <span class='ocrx_word' id='word_1_260' title='bbox 426 4192 498 4242; x_wconf 86' lang='lat' dir='ltr'>sunt.</span> 
     </span>
    </p>
   </div>
   <div class='ocr_carea' id='block_1_5' title="bbox 0 0 1510 4904">
    <p class='ocr_par' dir='ltr' id='par_1_9' title="bbox 0 0 1510 4904">
     <span class='ocr_line' id='line_1_36' title="bbox 0 0 1510 4904; baseline 0 2"><span class='ocrx_word' id='word_1_261' title='bbox 0 0 1510 4904; x_wconf 95' lang='lat' dir='ltr'> </span> 
     </span>
    </p>
   </div>
  </div>
 </body>
</html>
