3010 4904
470 997 472 1002 ι
543 1025 715 1136 Scriptus
746 1025 795 1110 de
826 1023 905 1110 uita
940 1054 1021 1110 sua.

730 1195 828 1202 μ...-

332 1281 435 1348 Natus
457 1302 527 1348 sum
549 1283 750 1349 Hermannus
773 1283 813 1349 de
833 1283 968 1350 Rohden
990 1284 1116 1350 Barmis
1139 1303 1222 1350 auno
1244 1281 1274 1348 h.
1296 1303 1323 1348 s.

233 1389 291 1454 LII
316 1390 345 1454 d.
371 1395 406 1454 21
426 1412 524 1458 mens.
547 1392 640 1457 Febr.
663 1391 827 1458 Ludouico
851 1401 951 1477 patre,
976 1399 1077 1458 matre
1092 1391 1258 1458 Ludouioa
1281 1391 1322 1456 de

232 1508 327 1582 gente
355 1500 573 1583 illachsmuth,
606 1520 700 1582 quam
734 1521 783 1566 me
816 1500 940 1566 infante
980 1507 1184 1584 praematura
1224 1506 1326 1566 morte

233 1621 375 1698 ereptam
399 1616 501 1697 lugeo.
553 1613 648 1678 Fidei
672 1613 819 1679 addictus
852 1633 922 1678 sum
955 1612 1171 1695 euangelicae.
1225 1609 1324 1688 Quin-

232 1742 293 1806 que
314 1743 415 1788 annos
437 1731 531 1788 natus
555 1723 757 1788 Lubecaein
780 1723 886 1808 patrui
910 1722 1038 1787 domum
1068 1727 1214 1805 receptus
1246 1740 1325 1803 sum,

233 1830 321 1897 ouius
345 1833 417 1916 uiri,
442 1832 482 1898 de
502 1819 559 1898 me¹
573 1833 716 1915 meisque
738 1835 857 1918 optime
872 1833 988 1916 meriti,
1004 1832 1157 1897 memoria
1174 1831 1228 1916 pio
1244 1830 1323 1896 mihi

232 1949 387 2025 gratoque
408 1943 515 2006 animo
533 1962 659 2026 semper
682 1942 742 2007 erit
765 1941 959 2008 ueneranda.
997 1941 1177 2006 Literarum
1191 1941 1323 2025 primor-

232 2050 296 2116 diis
309 2051 487 2117 Grautoffio
511 2052 591 2117 duce
613 2052 751 2117 imbutus
774 2051 850 2116 inde
870 2051 910 2116 ab
932 2072 958 2115 a.
976 2050 1068 2116 LXII
1090 2050 1251 2134 gymnasii
1265 2050 1326 2114 Lu·

234 2158 378 2225 becensis
401 2159 534 2242 egregia
554 2179 630 2224 usus
653 2177 721 2224 sum
737 2158 919 2244 disciplina.
952 2159 1001 2224 Ibi
1016 2165 1143 2244 praeter
1161 2158 1326 2223 Breierum

232 2276 396 2342 rectorem,
413 2269 616 2348 Dettmerum,
630 2270 937 2347 Mantelsiumuiros
953 2270 986 2334 in
1002 2289 1051 2334 me
1068 2268 1326 2346 humanissimos,

232 2377 345 2443 harum
367 2363 568 2462 potissimum
592 2379 756 2444 literarum
779 2380 884 2444 inme
911 2379 1070 2444 excitasse
1101 2397 1240 2442 amorem
1261 2377 1326 2442 Au·

232 2496 360 2571 gustum
383 2488 583 2554 Baumeister
614 2488 718 2553 libens
749 2488 906 2572 profiteor.
951 2489 1057 2553 Verno
1080 2507 1108 2552 a.
1132 2486 1225 2552 LXX
1245 2493 1323 2552 tem-

231 2616 309 2680 pore
333 2617 403 2661 cum
418 2597 601 2661 Rhenanam
618 2596 700 2662 hanc
715 2597 879 2662 literarum
892 2598 1008 2661 almam
1024 2595 1133 2661 sedem
1149 2596 1324 2679 petiissem,

231 2707 340 2789 paullo
362 2713 435 2789 post
458 2706 540 2771 bello
563 2706 807 2790 Franeogallico
831 2713 940 2772 exorto
972 2705 1014 2770 ad
1036 2725 1126 2770 arma
1153 2704 1323 2789 properaui

233 2815 429 2898 contigitque
451 2814 530 2879 mihi
553 2823 588 2879 ut
606 2814 803 2898 gloriossimi
826 2815 915 2881 illius
934 2814 1011 2879 belli
1026 2815 1140 2879 maiori
1155 2814 1240 2898 parti
1255 2814 1325 2898 ipse
1370 2809 1375 2821 “

232 2923 425 2988 interessem.
469 2924 506 2988 In
528 2925 665 3010 patriam
686 2923 787 2989 redux
809 2923 917 2989 studia
939 2925 1117 3008 intercepta
1139 2923 1179 2988 de
1200 2925 1324 3008 integro

232 3036 424 3119 repetiturus
457 3043 609 3101 autumno
642 3056 669 3100 a.
704 3035 813 3100 LXXI
843 3036 1042 3102 Bonnensem
1080 3036 1195 3101 iterum
1236 3035 1321 3100 subii

233 3144 447 3229 disciplinam,
468 3146 519 3210 cui
536 3166 593 3230 per
608 3165 725 3210 annum
738 3145 920 3211 intercessit
931 3145 1117 3230 Lipsiensis.
1139 3145 1323 3210 Doouerunt

232 3274 282 3319 me
296 3253 402 3338 Bergk
413 3255 743 3338 Bernays‘Bueoheler
754 3254 857 3319 Hiller
868 3255 949 3320 lusti
962 3255 997 3318 R.
1007 3254 1135 3320 Kekule
1145 3254 1170 3319 Ι.
1178 3254 1213 3318 B.
1219 3255 1326 3335 Meyer

233 3363 356 3428 Menzel
379 3362 534 3428 Schaefer
566 3362 716 3447 Springer
737 3363 956 3446 Varrentrapp
979 3362 1104 3428 Usener
1126 3363 1321 3444 Bounomos,

234 3473 364 3538 Curtius
386 3473 421 3537 R.
438 3472 546 3536 Hirzel
578 3471 695 3536 lordan
723 3470 834 3554 Lange
866 3469 1010 3555 Philippi
1032 3471 1156 3536 Ritschl
1178 3470 1325 3555 Lipsien-

233 3601 293 3646 ses.
341 3581 385 3647 Ut
407 3580 569 3646 seminarii
593 3579 829 3665 philologorum
844 3579 1023 3645 Bonnensis
1046 3579 1165 3645 sodalis
1190 3599 1247 3664 per
1267 3599 1341 3645 sex1

233 3708 358 3754 menses
381 3688 563 3754 ordinarius
586 3707 698 3770 essem,
723 3687 910 3753 Buecheleri
942 3687 1154 3762 Heimsoethii
1178 3687 1323 3766 Useneri‚
1362 3693 1366 3704 ‘

233 3802 268 3861 ut
291 3817 348 3880 per
363 3815 480 3862 annum
496 3796 685 3880 Lipsiensis,
709 3795 812 3861 Curtii
831 3795 955 3880 Langei
974 3789 1144 3862 Ritsohelii
1171 3795 1325 3862 benelioio

232 3905 429 3970 factumest.
480 3903 651 3969 Seminarii
688 3903 919 3987 archaeologici
951 3903 1140 3988 participem
1171 3923 1229 3988 per
1259 3911 1324 3969 tres

233 4034 334 4080 annos
360 4033 410 4078 me
431 4015 533 4079 uoluit
551 4012 719 4078 Renardus
741 4012 868 4078 Kekule
901 4012 1079 4092 admittere,
1113 4020 1224 4078 auctor
1259 4019 1324 4078 stu·

234 4121 358 4188 diorum
378 4142 519 4187 meorum
546 4123 715 4204 fautorque
737 4121 920 4187 beneuolus.
970 4121 1142 4188 Praeterea
1171 4123 1325 4188 exercita-

233 4231 373 4302 tionibus
389 4231 456 4303 suis
477 4239 511 4298 ut
526 4231 713 4298 interessem
727 4230 866 4316 benigne
885 4236 1106 4296 concesserunt
1120 4228 1325 4314 philologieis
