3010 4904
240 1693 306 1771 „De
330 1699 453 1780 septem
476 1673 563 1763 orbis
583 1697 748 1764 miraculis
770 1705 914 1764 ueterum
929 1697 1017 1764 locos
1038 1698 1235 1782 collegerunt

139 1801 206 1867 Leo
228 1803 367 1870 Allatius
395 1812 427 1871 et
449 1807 494 1871 lo.
528 1805 622 1873 Com.
646 1806 786 1874 Orellius
807 1806 850 1872 ad
871 1806 1019 1872 Philonis
1046 1805 1086 1873 de
1119 1807 1161 1873 iis
1196 1807 1253 1873 li·,

136 1909 264 1991 bellum,
288 1933 391 1996 neque
413 1915 586 1982 effecerunt
605 1923 712 1982 tamen
732 1924 766 1983 ut
791 1923 846 1982 aut
868 1916 997 2000 quando
1018 1923 1050 1982 et
1072 1937 1093 1981 a
1114 1937 1177 2000 quo
1191 1917 1228 1984 is

136 2020 351 2088 numerussit
373 2023 564 2091 constitutus
586 2031 641 2091 aut
664 2024 822 2108 quomodo
844 2024 879 2091 in
908 2024 1067 2110 eligendis
1098 2025 1230 2091 mirabi-

136 2130 221 2198 libus
242 2131 392 2218 operibus
409 2133 491 2218 ipsis
507 2135 666 2200 uariatum
681 2134 725 2201 sit
739 2137 923 2220 appareat.“
969 2134 1060 2214 Quae
1080 2135 1233 2201 Haasii

28 2285 32 2294 ·
136 2241 298 2307 sententia
325 2249 411 2309 ante
427 2242 485 2310 hos
508 2242 626 2327 uiginti
649 2244 712 2310 duo
739 2263 840 2310 annos
863 2242 1014 2328 prolatal
1045 2241 1132 2308 haud
1164 2243 1233 2310 scio

136 2369 178 2416 an
200 2358 309 2418 nostro
330 2371 456 2436 quoque
478 2361 619 2438 tempore
642 2355 759 2420 ualeat.
793 2372 896 2437 neque
919 2352 1006 2418 enim
1026 2352 1127 2418 multa
1142 2351 1231 2420 Orel-

135 2459 233 2528 lianis
263 2460 391 2528 adiecta
420 2469 496 2529 sunt
520 2483 579 2529 nee
609 2462 690 2529 talia
721 2462 837 2547 quibus
858 2461 942 2528 hano
963 2461 1003 2527 de
1027 2461 1114 2528 orbis
1136 2460 1232 2528 mira·

135 2569 217 2636 culis
240 2569 461 2653 quaestionem
483 2577 660 2655 promotam
680 2570 887 2654 aliquantum,
910 2568 1028 2636 nedum
1049 2569 1229 2635 absolutam

135 2677 379 2764 dicerepossia.
422 2677 518 2745 Haud
540 2679 634 2765 parui
655 2687 762 2746 autem
783 2679 935 2745 momenti
958 2697 1028 2745 esse
1044 2686 1228 2745 accuratam

135 2787 249 2854 harum
277 2808 383 2854 rernm
420 2788 680 2872 disquisitionem
713 2788 756 2854 ad
788 2788 937 2854 notitiam
965 2788 1168 2872 antiquorum
1199 2795 1231 2856 et

134 2896 313 2963 studiorum
341 2905 373 2964 et
402 2897 567 2964 literarum
597 2897 830 2983 integrandam,
863 2918 927 2963 non
948 2896 1139 2964 initiabitur
1160 2898 1232 2980 qui-

135 3026 271 3090 cumque
304 3025 400 3090 quam
431 3014 544 3092 gratae
574 3015 793 3092 acceptaeque
821 3007 968 3073 omnibus
997 3005 1074 3072 inde
1105 3006 1147 3071 ab
1168 2988 1232 3073 du·

135 3115 224 3199 gusti
244 3099 363 3182 ¹aetate
391 3116 603 3201 scriptoribus
637 3116 755 3183 luerint
783 3114 993 3201 perspexerit.
1049 3115 1167 3181 Verum
1198 3120 1233 3181 ut

136 3225 288 3310 egregiae
316 3224 397 3310 spei,
429 3225 476 3291 ita
507 3224 617 3310 magni
647 3245 726 3291 sane
753 3223 834 3292 haec
855 3224 1004 3308 quaestio
1028 3223 1230 3304 laborisest.

137 3353 220 3416 qnae
242 3340 276 3399 ut
298 3341 386 3400 certa
407 3333 532 3400 ratione
554 3355 593 3401 ac
615 3334 670 3401 uia
698 3317 931 3419 progrediatur,
964 3333 1102 3418 primum
1135 3352 1230 3416 quae·

135 3462 270 3526 eumque
292 3443 326 3508 in
349 3450 494 3518 ueterum
515 3443 608 3509 libris
625 3442 671 3509 ‘de
695 3449 850 3508 terrarum
872 3441 1037 3508 miraculis
1060 3441 1230 3508 traduntur
1345 3487 1349 3495 ·

136 3552 341 3637 congerenda
362 3559 445 3636 sunt,
468 3537 622 3637 congesta
642 3552 725 3618 inter
746 3570 782 3618 se
797 3550 1013 3633 comparanda
1027 3550 1232 3636 singillatim·

138 3680 200 3744 que
221 3659 458 3746 perpendenda,
495 3668 562 3727 tum
596 3659 723 3728 demum
750 3659 806 3743 qui
827 3641 1054 3728 miraculorum
1079 3679 1229 3726 numerus

138 3769 261 3856 primus
286 3769 342 3836 ubi
363 3777 394 3837 et
426 3769 555 3854 quando
578 3768 728 3852 uideatur
750 3769 942 3836 constitutus
961 3787 1042 3849 esse,
1069 3768 1126 3852 qui
1154 3768 1233 3836 sori·

136 3885 246 3964 ptores
267 3878 364 3964 primi
386 3899 459 3946 eum
480 3878 647 3964 uariarint,
670 3898 765 3963 quem
787 3877 926 3962 denique
945 3876 1092 3944 ordinem
1111 3878 1233 3964 posteri

136 3987 295 4072 elegerint
318 3987 537 4072 quaerendum
558 3994 616 4056 est
661 4007 744 4073 quae
766 4007 838 4055 eum
859 3987 1040 4072 neglexerit
1058 3987 1096 4062 B.
1124 3988 1231 4055 Star-

237 4240 251 4293 l
280 4237 396 4311 Gregor.
414 4240 516 4298 Turon.
536 4243 553 4300 l.
584 4243 619 4302 de
636 4261 718 4304 eursu
748 4221 889 4301 stellarum
916 4261 942 4316 p.
962 4243 1006 4299 29.
1049 4240 1240 4298 Vratislauiee·

109 4341 112 4347 '
136 4333 206 4390 1853
223 4334 266 4392 ed

904 4515 908 4526 ι
1014 4440 1029 4502 l
