3010 4904
771 379 811 442 36

250 563 385 630 elisione
407 571 531 631 constat
552 564 772 631 abstinuisse?
806 565 889 634 inter
920 564 1037 649 prioris
1072 569 1157 629 certe
1190 563 1343 648 temporis

249 671 420 757 scriptores
441 673 588 740 inuenies
610 673 741 740 nullum.
785 673 887 755 Atqui
908 673 1021 737 miram
1044 671 1126 738 hanc
1141 680 1182 755 et,
1203 679 1237 738 nt
1253 671 1343 737 uide-

249 788 309 860 tur,
333 782 529 865 singularem
552 781 743 867 disciplinae
773 782 977 848 seueritatem
1006 781 1162 864 Philonis,
1195 781 1343 847 insulsis·

249 891 324 957 simi
345 890 495 966 hominis,
516 891 680 956 inuentum
702 909 765 956 non
790 910 862 956 esse
887 898 1135 956 consentaneum
1157 898 1214 956 est.
1257 889 1343 954 unde

250 1021 321 1066 eam
344 1000 436 1083 sequi
458 999 624 1066 Philonem
647 999 773 1065 uitandi
788 999 895 1066 hiatus
917 999 1074 1065 rationem
1091 999 1225 1083 cogitur,
1247 1018 1344 1081 quam

251 1131 271 1176 a
304 1111 355 1177 sui
388 1109 541 1194 temporis
574 1110 705 1192 suisque
737 1110 841 1194 ipsius
874 1109 1039 1194 magistris
1074 1109 1208 1194 accepit.
1251 1109 1344 1174 'l'alis

252 1227 357 1286 autem
382 1215 575 1304 disciplinae
596 1216 736 1302 uestigia
757 1218 837 1285 satis
853 1218 958 1285 adhue
980 1217 1154 1303 conspicua
1176 1237 1345 1303 superesse

252 1334 443 1410 anteaquam
465 1327 640 1411 ostendam,
662 1328 799 1394 fortasse
820 1348 885 1393 non
906 1347 1180 1413 superuacaneum
1209 1328 1269 1393 erit
1302 1327 1343 1392 de

92 1466 149 1546 iuir
149 1455 239 1546 ratggenee
250 1436 441 1521 praeceptis,
464 1456 547 1519 quae
569 1438 603 1502 in
625 1437 715 1504 hiatu
737 1437 870 1505 uitando
892 1437 1154 1504 indeasecundo
1175 1458 1205 1523 p.
1222 1436 1296 1502 Chr.
1312 1457 1343 1502 n.

92 1533 380 1646 higgflfflts'saeculc
401 1546 573 1629 scriptores
595 1545 745 1611 uidentur
767 1546 965 1630 obseruasse,
988 1546 1067 1629 quid
1087 1545 1225 1612 sentiam
1246 1565 1344 1628 expo·

249 1673 335 1720 nere.
367 1654 481 1739 paucis
504 1663 610 1720 autem
632 1655 808 1740 praecipua
828 1655 1097 1740 comprehendere
1111 1653 1192 1722 satis
1208 1654 1343 1739 habehc,

251 1763 291 1829 de
313 1763 429 1846 quibus
452 1763 643 1847 explicatius
666 1783 768 1847 eaque
790 1784 855 1848 qua
876 1785 957 1850 opus
979 1771 1028 1830 est
1052 1764 1256 1830 accuratione
1278 1765 1344 1830 alio

249 1873 320 1938 loco
342 1872 501 1940 disserere
524 1872 558 1938 in
580 1872 687 1939 animo
710 1879 759 1939 est
769 1875 791 1940 ⁸.

349 1979 495 2046 Secundo
518 1981 647 2046 saeculo
670 2001 741 2046 eum
763 1980 845 2065 ipsis
867 1981 1048 2066 principum
1081 1981 1196 2066 opibus
1229 2002 1266 2047 ac
1296 1979 1344 2046 fa·

153 2065 156 2082 ³
251 2109 327 2155 uore
349 2089 461 2156 adiuta
482 2088 644 2155 rhetorum
665 2090 774 2156 studia
805 2109 924 2156 nouum
959 2091 1053 2173 quasi
1085 2091 1237 2176 impetum
1259 2111 1344 2158 sum-

248 2198 398 2284 psissent
440 2205 562 2282 quanta
594 2198 692 2265 fuerit
723 2199 808 2265 inter
840 2200 928 2285 ipsos
967 2201 1129 2285 sophistas
1160 2200 1343 2283 aemulatio,

249 2316 445 2393 quantopere
467 2308 500 2372 in
523 2329 561 2374 eo
582 2328 692 2375 omnes
712 2308 907 2379 elaborariut
926 2316 962 2375 ut
992 2329 1051 2375 nee
1082 2309 1223 2394 opinatis
1245 2327 1345 2392 quae·

249 2417 406 2484 sticnibus
428 2418 603 2502 propositis
623 2438 685 2484 sua
705 2419 841 2501 quisquc
855 2418 1010 2485 orationis
1030 2412 1143 2503 t‘crma,
1165 2438 1242 2485 suae
1265 2419 1345 2484 artis

248 2528 392 2594 nouitate
414 2535 445 2593 et
467 2528 663 2613 proprietate
685 2526 883 2594 audientium
900 2529 1039 2612 gratiam
1060 2527 1123 2594 sihi
1146 2528 1343 2604 conciliaret,

144 2673 152 2696 ,
249 2636 418 2702 notissima
450 2655 501 2702 res
529 2644 585 2703 est.
630 2655 712 2719 quae
735 2643 767 2701 et
789 2635 861 2720 ipsa
882 2637 985 2702 thisse
1009 2656 1107 2702 causa
1127 2637 1263 2715 uidetur,
1287 2655 1344 2701 cur

250 2746 348 2812 etiam
369 2744 409 2810 de
431 2744 629 2828 elocutionis,
659 2742 833 2810 rhetorices
865 2743 968 2829 partis
1005 2744 1236 2814 recentioribus
1267 2751 1344 2810 tem·

248 2854 381 2940 poribus
403 2853 625 2939 grauissimae,
649 2853 696 2920 eis
717 2853 900 2938 praeceptis
923 2861 1094 2936 quaesunt
1116 2855 1157 2920 de
1176 2854 1267 2920 hiatu
1290 2861 1345 2920 aut

249 2964 382 3030 nitendo
405 2972 460 3030 aut
481 2963 648 3028 tolerando
669 2963 728 3029 alii
753 2962 848 3030 aliter
868 2963 1047 3030 statuerint.
1083 2964 1123 3029 ht
1146 2964 1249 3048 ipsius
1272 2964 1342 3047 qui·

250 3071 323 3139 dem
343 3072 503 3162 Isocratis,
517 3071 698 3157 praeceptis
718 3074 774 3155 qui
806 3080 882 3140 tuuc
912 3073 1046 3158 obsequi
1078 3074 1216 3140 uoluerit
1248 3071 1345 3139 uideo

250 3313 361 3369 finalem
380 3315 454 3369 elisit
473 3316 598 3385 exeeptis
623 3315 668 3385 (ci.
687 3315 774 3386 prael.
799 3316 857 3388 §2
890 3317 936 3388 ἐφ’
955 3310 1086 3382 {animem
1113 3315 1136 3378 1,
1157 3315 1182 3370 3.
1204 3316 1248 3370 ἐπ’
1268 3309 1346 3386 siponi

250 3429 322 3483 ραις;
350 3441 384 3452 -
403 3414 428 3467 5.
452 3411 488 3464 δι’
506 3408 640 3480 ἆλλὴλων;
670 3413 740 3476 11,2
765 3412 806 3482 (et
824 3412 869 3479 lv,
888 3415 923 3479 6.)
951 3415 1008 3466 κατ’
1026 3409 1137 3483 ‹iilyov5
1166 3411 1259 3480 111‚4.
1279 3411 1344 3482 παρ’

250 3504 354 3571 tutata·
372 3509 417 3579 lv,
436 3509 461 3566 3.
482 3511 526 3564 ἐπ’
546 3506 639 3579 sitifi
660 3540 692 3550 -
713 3511 759 3583 ἔφ’
779 3495 828 3579 citu
853 3539 886 3550 ··
906 3511 952 3582 ἐφ’
973 3507 1065 3579 αὑτοῦ)
1089 3509 1145 3563 duo
1171 3511 1280 3564 tantum
1299 3509 1349 3562 cli-

252 3605 336 3661 sionis
362 3606 485 3677 exempla
505 3607 629 3676 repperi:
654 3605 701 3674 vl,
722 3608 745 3680 l.
770 3601 827 3660 ἀλλ’
842 3598 985 3678 Ὄλυμπον
1003 3607 1030 3660 et
1053 3605 1143 3673 111,2.
1170 3601 1215 3659 διὰ
1233 3601 1345 3672 τοῦθ’ἡ

253 3704 326 3763 (nam
343 3700 390 3768 IV,
412 3703 438 3756 2.
457 3701 505 3754 ubi
523 3699 583 3754 cod.
603 3699 661 3754 Pal.
680 3701 797 3770 praehet
816 3697 861 3754 διὰ
879 3701 957 3754 τοῦτο
977 3697 992 3754 ὁ
1011 3695 1088 3769 Ζεὺς,
1114 3697 1214 3755 Heroh.
1232 3699 1308 3752 τοῦθ’
1330 3697 1346 3752 ὁ

251 3798 406 3870 proposuit,
425 3797 490 3852 uide
508 3814 543 3852 ne
562 3797 695 3851 articulus
713 3796 847 3852 delendus
866 3796 923 3866 sit),
941 3798 1032 3866 qualis
1050 3795 1174 3850 elisionis
1193 3811 1347 3866 permagna

250 3894 327 3964 opud
344 3911 439 3948 omnes
455 3895 582 3949 rhetores
601 3893 757 3964 frequentia
776 3897 826 3948 ast

351 3992 369 4045 8
399 3990 432 4044 de
450 3989 535 4044 uariis
553 3990 697 4044 rhetorum
718 3988 873 4058 disciplinis
891 4005 907 4041 e
927 3987 1038 4042 diuersa
1057 4004 1112 4056 qus
1129 3987 1221 4040 hiatus
1239 3987 1348 4040 uitetur

251 4087 360 4144 ratione
381 4086 563 4157 agnoscendis
580 4103 650 4156 quea
669 4085 802 4140 hocloco
821 4084 971 4155 proferam,
991 4101 1024 4136 ea
1042 4099 1171 4153 magnam
1190 4086 1298 4152 partem
1316 4083 1346 4135 in

250 4183 485 4241 commentatione
517 4182 645 4236 nituntur
673 4198 753 4249 quam
781 4179 966 4250 amplissimus
992 4185 1088 4234 noster
1115 4177 1345 4248 philosophorum

251 4281 322 4338 ordo
340 4277 465 4350 praemio
484 4277 675 4334 Walclrerisuo
692 4276 806 4346 dignam
824 4275 967 4331 iudicauit.
