<?xml version="1.0" encoding="UTF-8"?>
<!DOCTYPE html PUBLIC "-//W3C//DTD XHTML 1.0 Transitional//EN"
    "http://www.w3.org/TR/xhtml1/DTD/xhtml1-transitional.dtd">
<html xmlns="http://www.w3.org/1999/xhtml" xml:lang="en" lang="en">
 <head>
  <title>
</title>
<meta http-equiv="Content-Type" content="text/html;charset=utf-8" />
  <meta name='ocr-system' content='tesseract 3.04.00' />
  <meta name='ocr-capabilities' content='ocr_page ocr_carea ocr_par ocr_line ocrx_word'/>
</head>
<body>
  <div class='ocr_page' id='page_1' title='image "./demundimiraculi00rohdgoog_0042.png"; bbox 0 0 3010 4904; ppageno 0'>
   <div class='ocr_carea' id='block_1_1' title="bbox 684 363 723 426">
    <p class='ocr_par' dir='ltr' id='par_1_1' title="bbox 684 363 723 426">
     <span class='ocr_line' id='line_1_1' title="bbox 684 363 723 426; baseline -0.051 0"><span class='ocrx_word' id='word_1_1' title='bbox 684 363 723 426; x_wconf 82' lang='lat'>33</span> 
     </span>
    </p>
   </div>
   <div class='ocr_carea' id='block_1_2' title="bbox 57 546 1490 2600">
    <p class='ocr_par' dir='ltr' id='par_1_2' title="bbox 156 546 1490 1943">
     <span class='ocr_line' id='line_1_2' title="bbox 160 546 1252 631; baseline 0.004 -19"><span class='ocrx_word' id='word_1_2' title='bbox 160 546 307 613; x_wconf 90' lang='lat' dir='ltr'>seuerius</span> <span class='ocrx_word' id='word_1_3' title='bbox 328 553 435 612; x_wconf 87' lang='lat' dir='ltr'>tamen</span> <span class='ocrx_word' id='word_1_4' title='bbox 458 546 497 612; x_wconf 89' lang='lat' dir='ltr'>dc</span> <span class='ocrx_word' id='word_1_5' title='bbox 519 565 558 612; x_wconf 91' lang='lat' dir='ltr'>eo</span> <span class='ocrx_word' id='word_1_6' title='bbox 580 565 673 612; x_wconf 92' lang='lat' dir='ltr'>nemo</span> <span class='ocrx_word' id='word_1_7' title='bbox 695 546 853 613; x_wconf 86' lang='lat' dir='ltr'>iudicauit</span> <span class='ocrx_word' id='word_1_8' title='bbox 868 567 964 631; x_wconf 88' lang='lat' dir='ltr'>quam</span> <span class='ocrx_word' id='word_1_9' title='bbox 978 547 1252 616; x_wconf 76' lang='lat' dir='ltr'>Lnedersius⁴</span> 
     </span>
     <span class='ocr_line' id='line_1_3' title="bbox 158 655 1253 742; baseline 0.003 -20"><span class='ocrx_word' id='word_1_10' title='bbox 158 657 281 740; x_wconf 84' lang='lat' dir='ltr'>quippe</span> <span class='ocrx_word' id='word_1_11' title='bbox 313 656 368 737; x_wconf 92' lang='lat' dir='ltr'>qui</span> <span class='ocrx_word' id='word_1_12' title='bbox 399 655 570 722; x_wconf 83' lang='lat' dir='ltr'>Philonem</span> <span class='ocrx_word' id='word_1_13' title='bbox 602 657 812 741; x_wconf 87' lang='lat' dir='ltr'>scriptoribus</span> <span class='ocrx_word' id='word_1_14' title='bbox 843 658 1033 742; x_wconf 79' lang='lat' dir='ltr'><strong>Byzantinis</strong></span> <span class='ocrx_word' id='word_1_15' title='bbox 1067 658 1253 725; x_wconf 87' lang='lat' dir='ltr'>adscribere</span> 
     </span>
     <span class='ocr_line' id='line_1_4' title="bbox 157 763 1253 851; baseline 0.003 -21"><span class='ocrx_word' id='word_1_16' title='bbox 157 784 222 830; x_wconf 91' lang='lat' dir='ltr'>non</span> <span class='ocrx_word' id='word_1_17' title='bbox 244 763 408 840; x_wconf 86' lang='lat' dir='ltr'>dubitarit.</span> <span class='ocrx_word' id='word_1_18' title='bbox 446 773 480 830; x_wconf 87' lang='lat' dir='ltr'>at</span> <span class='ocrx_word' id='word_1_19' title='bbox 502 764 543 828; x_wconf 90' lang='lat' dir='ltr'>de</span> <span class='ocrx_word' id='word_1_20' title='bbox 563 784 622 830; x_wconf 91' lang='lat' dir='ltr'>suo</span> <span class='ocrx_word' id='word_1_21' title='bbox 644 764 707 830; x_wconf 91' lang='lat' dir='ltr'>sibi</span> <span class='ocrx_word' id='word_1_22' title='bbox 729 766 812 832; x_wconf 89' lang='lat' dir='ltr'>banc</span> <span class='ocrx_word' id='word_1_23' title='bbox 833 767 1017 851; x_wconf 80' lang='lat' dir='ltr'>opinionem</span> <span class='ocrx_word' id='word_1_24' title='bbox 1042 766 1174 834; x_wconf 85' lang='lat' dir='ltr'>finxisse</span> <span class='ocrx_word' id='word_1_25' title='bbox 1198 767 1253 834; x_wconf 88' lang='lat' dir='ltr'>ille</span> 
     </span>
     <span class='ocr_line' id='line_1_5' title="bbox 156 873 1251 958; baseline 0.004 -20"><span class='ocrx_word' id='word_1_26' title='bbox 156 873 294 956; x_wconf 88' lang='lat' dir='ltr'>uidetur,</span> <span class='ocrx_word' id='word_1_27' title='bbox 317 881 506 958; x_wconf 86' lang='lat' dir='ltr'>argumenta</span> <span class='ocrx_word' id='word_1_28' title='bbox 522 882 607 940; x_wconf 89' lang='lat' dir='ltr'>certe</span> <span class='ocrx_word' id='word_1_29' title='bbox 623 874 738 956; x_wconf 77' lang='lat' dir='ltr'>quibus</span> <span class='ocrx_word' id='word_1_30' title='bbox 753 895 824 940; x_wconf 88' lang='lat' dir='ltr'>eam</span> <span class='ocrx_word' id='word_1_31' title='bbox 841 875 981 943; x_wconf 87' lang='lat' dir='ltr'>firmaret</span> <span class='ocrx_word' id='word_1_32' title='bbox 994 876 1142 942; x_wconf 86' lang='lat' dir='ltr'>adiunxit</span> <span class='ocrx_word' id='word_1_33' title='bbox 1153 877 1251 942; x_wconf 85' lang='lat' dir='ltr'>nulla</span> 
     </span>
     <span class='ocr_line' id='line_1_6' title="bbox 159 981 1253 1066; baseline 0.005 -21"><span class='ocrx_word' id='word_1_34' title='bbox 159 981 239 1046; x_wconf 89' lang='lat' dir='ltr'>haec</span> <span class='ocrx_word' id='word_1_35' title='bbox 262 988 367 1046; x_wconf 89' lang='lat' dir='ltr'>autem</span> <span class='ocrx_word' id='word_1_36' title='bbox 389 981 499 1063; x_wconf 87' lang='lat' dir='ltr'>utique</span> <span class='ocrx_word' id='word_1_37' title='bbox 521 981 615 1046; x_wconf 91' lang='lat' dir='ltr'>nobis</span> <span class='ocrx_word' id='word_1_38' title='bbox 637 982 927 1066; x_wconf 86' lang='lat' dir='ltr'>circumspicienda</span> <span class='ocrx_word' id='word_1_39' title='bbox 949 994 1031 1050; x_wconf 89' lang='lat' dir='ltr'>sunt.</span> <span class='ocrx_word' id='word_1_40' title='bbox 1066 991 1097 1049; x_wconf 89' lang='lat' dir='ltr'>et</span> <span class='ocrx_word' id='word_1_41' title='bbox 1118 1004 1190 1049; x_wconf 90' lang='lat' dir='ltr'>cum</span> <span class='ocrx_word' id='word_1_42' title='bbox 1212 1003 1253 1050; x_wconf 81' lang='lat' dir='ltr'>ex</span> 
     </span>
     <span class='ocr_line' id='line_1_7' title="bbox 159 1067 1251 1179; baseline 0.004 -23"><span class='ocrx_word' id='word_1_43' title='bbox 159 1090 294 1156; x_wconf 91' lang='lat' dir='ltr'>aliorum</span> <span class='ocrx_word' id='word_1_44' title='bbox 316 1089 506 1172; x_wconf 90' lang='lat' dir='ltr'>scriptorum</span> <span class='ocrx_word' id='word_1_45' title='bbox 528 1091 720 1158; x_wconf 78' lang='lat' dir='ltr'>testimoniis</span> <span class='ocrx_word' id='word_1_46' title='bbox 741 1093 807 1176; x_wconf 90' lang='lat' dir='ltr'>peti</span> <span class='ocrx_word' id='word_1_47' title='bbox 829 1113 894 1158; x_wconf 91' lang='lat' dir='ltr'>non</span> <span class='ocrx_word' id='word_1_48' title='bbox 917 1093 1049 1176; x_wconf 89' lang='lat' dir='ltr'>possint,</span> <span class='ocrx_word' id='word_1_49' title='bbox 1085 1115 1125 1159; x_wconf 85' lang='lat' dir='ltr'>ex</span> <span class='ocrx_word' id='word_1_50' title='bbox 1148 1067 1251 1179; x_wconf 79' lang='lat' dir='ltr'>ipsuis</span> 
     </span>
     <span class='ocr_line' id='line_1_8' title="bbox 158 1198 1251 1287; baseline 0.008 -26"><span class='ocrx_word' id='word_1_51' title='bbox 158 1198 261 1262; x_wconf 92' lang='lat' dir='ltr'>libelli</span> <span class='ocrx_word' id='word_1_52' title='bbox 283 1206 338 1264; x_wconf 89' lang='lat' dir='ltr'>aut</span> <span class='ocrx_word' id='word_1_53' title='bbox 359 1199 453 1266; x_wconf 91' lang='lat' dir='ltr'>rebus</span> <span class='ocrx_word' id='word_1_54' title='bbox 476 1202 731 1268; x_wconf 86' lang='lat' dir='ltr'>commemoratis</span> <span class='ocrx_word' id='word_1_55' title='bbox 756 1208 811 1268; x_wconf 90' lang='lat' dir='ltr'>aut</span> <span class='ocrx_word' id='word_1_56' title='bbox 826 1203 981 1270; x_wconf 88' lang='lat' dir='ltr'>orationis</span> <span class='ocrx_word' id='word_1_57' title='bbox 997 1203 1101 1272; x_wconf 88' lang='lat' dir='ltr'>sorma</span> <span class='ocrx_word' id='word_1_58' title='bbox 1121 1205 1251 1287; x_wconf 88' lang='lat' dir='ltr'>conqui-</span> 
     </span>
     <span class='ocr_line' id='line_1_9' title="bbox 159 1312 1409 1406; baseline 0.007 -34"><span class='ocrx_word' id='word_1_59' title='bbox 159 1315 269 1380; x_wconf 87' lang='lat' dir='ltr'>rantur</span> <span class='ocrx_word' id='word_1_60' title='bbox 290 1327 422 1374; x_wconf 86' lang='lat' dir='ltr'>neeesse</span> <span class='ocrx_word' id='word_1_61' title='bbox 445 1317 503 1375; x_wconf 90' lang='lat' dir='ltr'>est.</span> <span class='ocrx_word' id='word_1_62' title='bbox 548 1319 644 1393; x_wconf 90' lang='lat' dir='ltr'>atque</span> <span class='ocrx_word' id='word_1_63' title='bbox 666 1312 699 1376; x_wconf 89' lang='lat' dir='ltr'>in</span> <span class='ocrx_word' id='word_1_64' title='bbox 722 1312 816 1378; x_wconf 89' lang='lat' dir='ltr'>rebus</span> <span class='ocrx_word' id='word_1_65' title='bbox 838 1313 966 1395; x_wconf 90' lang='lat' dir='ltr'>quidem</span> <span class='ocrx_word' id='word_1_66' title='bbox 1001 1314 1083 1380; x_wconf 91' lang='lat' dir='ltr'>nihil</span> <span class='ocrx_word' id='word_1_67' title='bbox 1114 1315 1183 1380; x_wconf 88' lang='lat' dir='ltr'>fero</span> <span class='ocrx_word' id='word_1_68' title='bbox 1204 1314 1251 1380; x_wconf 90' lang='lat' dir='ltr'>in·</span> <span class='ocrx_word' id='word_1_69' title='bbox 1265 1316 1409 1406; x_wconf 41' lang='lat' dir='ltr'>depfflss</span> 
     </span>
     <span class='ocr_line' id='line_1_10' title="bbox 158 1417 1490 1510; baseline 0.005 -28"><span class='ocrx_word' id='word_1_70' title='bbox 158 1417 341 1502; x_wconf 61' lang='lat' dir='ltr'>esse&#39;jpatet</span> <span class='ocrx_word' id='word_1_71' title='bbox 365 1418 451 1500; x_wconf 89' lang='lat' dir='ltr'>quod</span> <span class='ocrx_word' id='word_1_72' title='bbox 475 1426 595 1486; x_wconf 86' lang='lat' dir='ltr'>certum</span> <span class='ocrx_word' id='word_1_73' title='bbox 617 1421 734 1488; x_wconf 86' lang='lat' dir='ltr'>aetatis</span> <span class='ocrx_word' id='word_1_74' title='bbox 757 1442 822 1504; x_wconf 91' lang='lat' dir='ltr'>qua</span> <span class='ocrx_word' id='word_1_75' title='bbox 843 1423 961 1488; x_wconf 83' lang='lat' dir='ltr'>uixerit</span> <span class='ocrx_word' id='word_1_76' title='bbox 977 1423 1073 1488; x_wconf 91' lang='lat' dir='ltr'>Philo</span> <span class='ocrx_word' id='word_1_77' title='bbox 1096 1423 1252 1488; x_wconf 86' lang='lat' dir='ltr'>indicium</span> <span class='ocrx_word' id='word_1_78' title='bbox 1280 1418 1394 1457; x_wconf 55' lang='lat' dir='ltr'>mam·</span> <span class='ocrx_word' id='word_1_79' title='bbox 1487 1497 1490 1510; x_wconf 32' lang='grc' dir='ltr'>Ι</span> 
     </span>
     <span class='ocr_line' id='line_1_11' title="bbox 158 1526 1254 1617; baseline 0.008 -26"><span class='ocrx_word' id='word_1_80' title='bbox 158 1526 267 1594; x_wconf 88' lang='lat' dir='ltr'>faciat.</span> <span class='ocrx_word' id='word_1_81' title='bbox 293 1528 356 1594; x_wconf 91' lang='lat' dir='ltr'>nisi</span> <span class='ocrx_word' id='word_1_82' title='bbox 378 1527 413 1594; x_wconf 90' lang='lat' dir='ltr'>id</span> <span class='ocrx_word' id='word_1_83' title='bbox 427 1539 522 1612; x_wconf 90' lang='lat' dir='ltr'>putas</span> <span class='ocrx_word' id='word_1_84' title='bbox 539 1531 726 1597; x_wconf 81' lang='lat' dir='ltr'>recentioris</span> <span class='ocrx_word' id='word_1_85' title='bbox 749 1533 870 1600; x_wconf 89' lang='lat' dir='ltr'>saeculi</span> <span class='ocrx_word' id='word_1_86' title='bbox 885 1533 1058 1616; x_wconf 87' lang='lat' dir='ltr'>uestigium</span> <span class='ocrx_word' id='word_1_87' title='bbox 1079 1534 1254 1617; x_wconf 86' lang='lat' dir='ltr'>essequod</span> 
     </span>
     <span class='ocr_line' id='line_1_12' title="bbox 159 1635 1252 1726; baseline 0.008 -26"><span class='ocrx_word' id='word_1_88' title='bbox 159 1635 223 1719; x_wconf 90' lang='lat' dir='ltr'>ille,</span> <span class='ocrx_word' id='word_1_89' title='bbox 247 1655 440 1718; x_wconf 87' lang='lat' dir='ltr'>quamquam</span> <span class='ocrx_word' id='word_1_90' title='bbox 462 1638 577 1703; x_wconf 89' lang='lat' dir='ltr'>ceteris</span> <span class='ocrx_word' id='word_1_91' title='bbox 599 1639 698 1707; x_wconf 90' lang='lat' dir='ltr'>multo</span> <span class='ocrx_word' id='word_1_92' title='bbox 728 1640 895 1708; x_wconf 90' lang='lat' dir='ltr'>uerbosius</span> <span class='ocrx_word' id='word_1_93' title='bbox 925 1642 967 1708; x_wconf 89' lang='lat' dir='ltr'>de</span> <span class='ocrx_word' id='word_1_94' title='bbox 988 1642 1125 1726; x_wconf 80' lang='lat' dir='ltr'>singulis</span> <span class='ocrx_word' id='word_1_95' title='bbox 1157 1644 1252 1709; x_wconf 92' lang='lat' dir='ltr'>mira-</span> 
     </span>
     <span class='ocr_line' id='line_1_13' title="bbox 158 1745 1252 1832; baseline 0.005 -20"><span class='ocrx_word' id='word_1_96' title='bbox 158 1746 240 1812; x_wconf 92' lang='lat' dir='ltr'>culis</span> <span class='ocrx_word' id='word_1_97' title='bbox 262 1745 350 1823; x_wconf 85' lang='lat' dir='ltr'>dicit,</span> <span class='ocrx_word' id='word_1_98' title='bbox 373 1765 538 1830; x_wconf 87' lang='lat' dir='ltr'>perpauca</span> <span class='ocrx_word' id='word_1_99' title='bbox 559 1754 667 1814; x_wconf 89' lang='lat' dir='ltr'>tamen</span> <span class='ocrx_word' id='word_1_100' title='bbox 681 1748 789 1832; x_wconf 83' lang='lat' dir='ltr'>prodit</span> <span class='ocrx_word' id='word_1_101' title='bbox 811 1769 894 1831; x_wconf 91' lang='lat' dir='ltr'>quae</span> <span class='ocrx_word' id='word_1_102' title='bbox 916 1770 979 1816; x_wconf 92' lang='lat' dir='ltr'>non</span> <span class='ocrx_word' id='word_1_103' title='bbox 994 1751 1175 1818; x_wconf 90' lang='lat' dir='ltr'>accuratius</span> <span class='ocrx_word' id='word_1_104' title='bbox 1197 1759 1252 1817; x_wconf 91' lang='lat' dir='ltr'>aut</span> 
     </span>
     <span class='ocr_line' id='line_1_14' title="bbox 157 1839 1252 1943; baseline 0.003 -21"><span class='ocrx_word' id='word_1_105' title='bbox 157 1856 276 1922; x_wconf 86' lang='lat' dir='ltr'>rectius</span> <span class='ocrx_word' id='word_1_106' title='bbox 299 1856 339 1920; x_wconf 90' lang='lat' dir='ltr'>ab</span> <span class='ocrx_word' id='word_1_107' title='bbox 363 1857 438 1922; x_wconf 90' lang='lat' dir='ltr'>aliis</span> <span class='ocrx_word' id='word_1_108' title='bbox 463 1857 584 1943; x_wconf 89' lang='lat' dir='ltr'>scripta</span> <span class='ocrx_word' id='word_1_109' title='bbox 606 1858 761 1942; x_wconf 85' lang='lat' dir='ltr'>legantur,</span> <span class='ocrx_word' id='word_1_110' title='bbox 784 1859 832 1924; x_wconf 90' lang='lat' dir='ltr'>ita</span> <span class='ocrx_word' id='word_1_111' title='bbox 847 1868 881 1926; x_wconf 91' lang='lat' dir='ltr'>ut</span> <span class='ocrx_word' id='word_1_112' title='bbox 895 1839 1139 1926; x_wconf 43' lang='lat' dir='ltr'>miraculum&#39;ne</span> <span class='ocrx_word' id='word_1_113' title='bbox 1154 1881 1252 1928; x_wconf 91' lang='lat' dir='ltr'>uuum</span> 
     </span>
    </p>

    <p class='ocr_par' dir='ltr' id='par_1_3' title="bbox 57 1967 1254 2600">
     <span class='ocr_line' id='line_1_15' title="bbox 57 1967 1253 2052; baseline -0.002 -16"><span class='ocrx_word' id='word_1_114' title='bbox 57 2029 60 2036; x_wconf 27' lang='lat' dir='ltr'>r</span> <span class='ocrx_word' id='word_1_115' title='bbox 158 1967 287 2050; x_wconf 90' lang='lat' dir='ltr'>quidem</span> <span class='ocrx_word' id='word_1_116' title='bbox 308 1967 379 2051; x_wconf 90' lang='lat' dir='ltr'>ipse</span> <span class='ocrx_word' id='word_1_117' title='bbox 401 1967 502 2034; x_wconf 89' lang='lat' dir='ltr'>oculis</span> <span class='ocrx_word' id='word_1_118' title='bbox 531 1988 705 2052; x_wconf 84' lang='lat' dir='ltr'>usurpasse</span> <span class='ocrx_word' id='word_1_119' title='bbox 739 1968 789 2050; x_wconf 83' lang='lat' dir='ltr'>(id</span> <span class='ocrx_word' id='word_1_120' title='bbox 810 1968 896 2050; x_wconf 90' lang='lat' dir='ltr'>quod</span> <span class='ocrx_word' id='word_1_121' title='bbox 917 1969 958 2035; x_wconf 91' lang='lat' dir='ltr'>de</span> <span class='ocrx_word' id='word_1_122' title='bbox 980 1970 1104 2036; x_wconf 90' lang='lat' dir='ltr'>colosso</span> <span class='ocrx_word' id='word_1_123' title='bbox 1125 1970 1253 2035; x_wconf 89' lang='lat' dir='ltr'>Rhodio</span> 
     </span>
     <span class='ocr_line' id='line_1_16' title="bbox 159 2076 1254 2163; baseline 0.001 -21"><span class='ocrx_word' id='word_1_124' title='bbox 159 2077 262 2160; x_wconf 84' lang='lat' dir='ltr'>deque</span> <span class='ocrx_word' id='word_1_125' title='bbox 285 2077 411 2142; x_wconf 89' lang='lat' dir='ltr'>Dianae</span> <span class='ocrx_word' id='word_1_126' title='bbox 436 2077 598 2161; x_wconf 80' lang='lat' dir='ltr'>Ephesiae</span> <span class='ocrx_word' id='word_1_127' title='bbox 621 2078 742 2162; x_wconf 89' lang='lat' dir='ltr'>templo</span> <span class='ocrx_word' id='word_1_128' title='bbox 772 2076 911 2144; x_wconf 89' lang='lat' dir='ltr'>Orellius</span> <span class='ocrx_word' id='word_1_129' title='bbox 944 2077 1160 2163; x_wconf 80' lang='lat' dir='ltr'>opinabatur),</span> <span class='ocrx_word' id='word_1_130' title='bbox 1195 2078 1254 2144; x_wconf 89' lang='lat' dir='ltr'>sed</span> 
     </span>
     <span class='ocr_line' id='line_1_17' title="bbox 160 2186 1253 2272; baseline 0 -20"><span class='ocrx_word' id='word_1_131' title='bbox 160 2186 269 2252; x_wconf 88' lang='lat' dir='ltr'>omnia</span> <span class='ocrx_word' id='word_1_132' title='bbox 293 2186 397 2263; x_wconf 80' lang='lat' dir='ltr'>„lama</span> <span class='ocrx_word' id='word_1_133' title='bbox 418 2194 542 2252; x_wconf 87' lang='lat' dir='ltr'>tanturn</span> <span class='ocrx_word' id='word_1_134' title='bbox 561 2194 593 2254; x_wconf 87' lang='lat' dir='ltr'>et</span> <span class='ocrx_word' id='word_1_135' title='bbox 614 2187 780 2254; x_wconf 89' lang='lat' dir='ltr'>auditione</span> <span class='ocrx_word' id='word_1_136' title='bbox 812 2187 864 2254; x_wconf 90' lang='lat' dir='ltr'>uel</span> <span class='ocrx_word' id='word_1_137' title='bbox 897 2188 1030 2254; x_wconf 90' lang='lat' dir='ltr'>aliorum</span> <span class='ocrx_word' id='word_1_138' title='bbox 1062 2189 1253 2272; x_wconf 89' lang='lat' dir='ltr'>scriptorum</span> 
     </span>
     <span class='ocr_line' id='line_1_18' title="bbox 159 2295 1251 2381; baseline 0.001 -19"><span class='ocrx_word' id='word_1_139' title='bbox 159 2297 313 2366; x_wconf 83' lang='lat' dir='ltr'>lectione“</span> <span class='ocrx_word' id='word_1_140' title='bbox 341 2297 505 2381; x_wconf 90' lang='lat' dir='ltr'>accepisse</span> <span class='ocrx_word' id='word_1_141' title='bbox 527 2295 684 2363; x_wconf 87' lang='lat' dir='ltr'>uideatur.</span> <span class='ocrx_word' id='word_1_142' title='bbox 732 2297 796 2364; x_wconf 84' lang='lat' dir='ltr'>Sed</span> <span class='ocrx_word' id='word_1_143' title='bbox 819 2297 859 2363; x_wconf 92' lang='lat' dir='ltr'>de</span> <span class='ocrx_word' id='word_1_144' title='bbox 879 2297 929 2364; x_wconf 91' lang='lat' dir='ltr'>bis</span> <span class='ocrx_word' id='word_1_145' title='bbox 952 2319 1035 2364; x_wconf 90' lang='lat' dir='ltr'>nuno</span> <span class='ocrx_word' id='word_1_146' title='bbox 1058 2317 1120 2363; x_wconf 91' lang='lat' dir='ltr'>non</span> <span class='ocrx_word' id='word_1_147' title='bbox 1143 2297 1251 2381; x_wconf 90' lang='lat' dir='ltr'>dispu-</span> 
     </span>
     <span class='ocr_line' id='line_1_19' title="bbox 158 2405 1252 2489; baseline 0 -17"><span class='ocrx_word' id='word_1_148' title='bbox 158 2406 251 2486; x_wconf 87' lang='lat' dir='ltr'>tabo;</span> <span class='ocrx_word' id='word_1_149' title='bbox 273 2405 309 2471; x_wconf 90' lang='lat' dir='ltr'>id</span> <span class='ocrx_word' id='word_1_150' title='bbox 330 2425 427 2472; x_wconf 90' lang='lat' dir='ltr'>unum</span> <span class='ocrx_word' id='word_1_151' title='bbox 449 2406 637 2474; x_wconf 88' lang='lat' dir='ltr'>adfirmasse</span> <span class='ocrx_word' id='word_1_152' title='bbox 656 2407 736 2474; x_wconf 90' lang='lat' dir='ltr'>satis</span> <span class='ocrx_word' id='word_1_153' title='bbox 760 2406 873 2489; x_wconf 90' lang='lat' dir='ltr'>babeo,</span> <span class='ocrx_word' id='word_1_154' title='bbox 896 2427 936 2472; x_wconf 83' lang='lat' dir='ltr'>ex</span> <span class='ocrx_word' id='word_1_155' title='bbox 959 2407 1053 2472; x_wconf 90' lang='lat' dir='ltr'>rebus</span> <span class='ocrx_word' id='word_1_156' title='bbox 1076 2427 1097 2471; x_wconf 92' lang='lat' dir='ltr'>a</span> <span class='ocrx_word' id='word_1_157' title='bbox 1115 2407 1252 2474; x_wconf 91' lang='lat' dir='ltr'>Philone</span> 
     </span>
     <span class='ocr_line' id='line_1_20' title="bbox 161 2514 1252 2600; baseline -0.002 -20"><span class='ocrx_word' id='word_1_158' title='bbox 161 2515 415 2582; x_wconf 89' lang='lat' dir='ltr'>commemoratis</span> <span class='ocrx_word' id='word_1_159' title='bbox 435 2514 475 2582; x_wconf 90' lang='lat' dir='ltr'>de</span> <span class='ocrx_word' id='word_1_160' title='bbox 498 2515 664 2599; x_wconf 87' lang='lat' dir='ltr'>scriptoris</span> <span class='ocrx_word' id='word_1_161' title='bbox 696 2523 802 2582; x_wconf 89' lang='lat' dir='ltr'>aetate</span> <span class='ocrx_word' id='word_1_162' title='bbox 830 2515 998 2600; x_wconf 81' lang='lat' dir='ltr'>probabile</span> <span class='ocrx_word' id='word_1_163' title='bbox 1029 2522 1252 2598; x_wconf 82' lang='lat' dir='ltr'>argumentum</span> 
     </span>
    </p>
   </div>
   <div class='ocr_carea' id='block_1_3' title="bbox 158 2623 1409 2721">
    <p class='ocr_par' dir='ltr' id='par_1_4' title="bbox 158 2623 1409 2721">
     <span class='ocr_line' id='line_1_21' title="bbox 158 2623 1409 2721; baseline -0.002 -31"><span class='ocrx_word' id='word_1_164' title='bbox 158 2642 222 2690; x_wconf 91' lang='lat' dir='ltr'>non</span> <span class='ocrx_word' id='word_1_165' title='bbox 244 2643 339 2709; x_wconf 89' lang='lat' dir='ltr'>posse</span> <span class='ocrx_word' id='word_1_166' title='bbox 361 2625 444 2692; x_wconf 91' lang='lat' dir='ltr'>sumi</span> <span class='ocrx_word' id='word_1_167' title='bbox 454 2628 475 2688; x_wconf 78' lang='lat'>⁵.</span> <span class='ocrx_word' id='word_1_168' title='bbox 522 2623 634 2690; x_wconf 89' lang='lat' dir='ltr'>Omnis</span> <span class='ocrx_word' id='word_1_169' title='bbox 657 2625 755 2708; x_wconf 85' lang='lat' dir='ltr'>igitur</span> <span class='ocrx_word' id='word_1_170' title='bbox 775 2623 952 2708; x_wconf 72' lang='lat' dir='ltr'>disputabo</span> <span class='ocrx_word' id='word_1_171' title='bbox 975 2624 1009 2688; x_wconf 91' lang='lat' dir='ltr'>in</span> <span class='ocrx_word' id='word_1_172' title='bbox 1031 2623 1160 2689; x_wconf 88' lang='lat' dir='ltr'>dicendi</span> <span class='ocrx_word' id='word_1_173' title='bbox 1183 2623 1409 2721; x_wconf 58' lang='lat' dir='ltr'>eiusdspgffigeia</span> 
     </span>
    </p>
   </div>
   <div class='ocr_carea' id='block_1_4' title="bbox 90 2801 1252 4338">
    <p class='ocr_par' dir='ltr' id='par_1_5' title="bbox 158 2801 1252 3262">
     <span class='ocr_line' id='line_1_22' title="bbox 159 2801 1251 2892; baseline -0.005 -17"><span class='ocrx_word' id='word_1_174' title='bbox 159 2839 201 2892; x_wconf 81' lang='lat' dir='ltr'>gr.</span> <span class='ocrx_word' id='word_1_175' title='bbox 221 2821 276 2876; x_wconf 88' lang='lat' dir='ltr'>Lit.</span> <span class='ocrx_word' id='word_1_176' title='bbox 297 2820 396 2876; x_wconf 86' lang='lat' dir='ltr'>Geach.</span> <span class='ocrx_word' id='word_1_177' title='bbox 414 2820 449 2885; x_wconf 87' lang='lat'>11,</span> <span class='ocrx_word' id='word_1_178' title='bbox 470 2839 497 2890; x_wconf 88' lang='lat' dir='ltr'>p.</span> <span class='ocrx_word' id='word_1_179' title='bbox 512 2823 572 2875; x_wconf 84' lang='grc'><strong>238.</strong></span> <span class='ocrx_word' id='word_1_180' title='bbox 600 2850 635 2860; x_wconf 93' lang='lat'>-</span> <span class='ocrx_word' id='word_1_181' title='bbox 664 2821 717 2874; x_wconf 81' lang='lat' dir='ltr'>Oh.</span> <span class='ocrx_word' id='word_1_182' title='bbox 736 2821 919 2875; x_wconf 88' lang='lat' dir='ltr'>Schnbart.</span> <span class='ocrx_word' id='word_1_183' title='bbox 950 2819 1083 2874; x_wconf 82' lang='lat' dir='ltr'>Fleckeis.</span> <span class='ocrx_word' id='word_1_184' title='bbox 1110 2836 1172 2872; x_wconf 87' lang='lat' dir='ltr'>ann.</span> <span class='ocrx_word' id='word_1_185' title='bbox 1192 2801 1251 2870; x_wconf 83' lang='lat' dir='ltr'>XCI</span> 
     </span>
     <span class='ocr_line' id='line_1_23' title="bbox 158 2915 1252 2989; baseline -0.001 -20"><span class='ocrx_word' id='word_1_186' title='bbox 158 2919 250 2989; x_wconf 77' lang='lat'>(1865)</span> <span class='ocrx_word' id='word_1_187' title='bbox 270 2935 295 2988; x_wconf 93' lang='lat' dir='ltr'>p.</span> <span class='ocrx_word' id='word_1_188' title='bbox 310 2920 370 2971; x_wconf 84' lang='grc'><strong>645.</strong></span> <span class='ocrx_word' id='word_1_189' title='bbox 399 2947 431 2956; x_wconf 90' lang='lat'>-</span> <span class='ocrx_word' id='word_1_190' title='bbox 462 2919 494 2969; x_wconf 88' lang='lat' dir='ltr'>A.</span> <span class='ocrx_word' id='word_1_191' title='bbox 514 2916 679 2971; x_wconf 85' lang='lat' dir='ltr'>Schoene.</span> <span class='ocrx_word' id='word_1_192' title='bbox 708 2917 842 2971; x_wconf 87' lang='lat' dir='ltr'>Fleckeis.</span> <span class='ocrx_word' id='word_1_193' title='bbox 863 2935 924 2971; x_wconf 90' lang='lat' dir='ltr'>ann.</span> <span class='ocrx_word' id='word_1_194' title='bbox 944 2915 1042 2969; x_wconf 82' lang='lat' dir='ltr'><strong>XCVII</strong></span> <span class='ocrx_word' id='word_1_195' title='bbox 1058 2915 1150 2985; x_wconf 79' lang='lat'>(1868)</span> <span class='ocrx_word' id='word_1_196' title='bbox 1166 2917 1252 2983; x_wconf 69' lang='lat' dir='ltr'>pauo</span> 
     </span>
     <span class='ocr_line' id='line_1_24' title="bbox 162 3011 1252 3084; baseline -0.003 -18"><span class='ocrx_word' id='word_1_197' title='bbox 162 3013 237 3066; x_wconf 79' lang='lat' dir='ltr'>»eine</span> <span class='ocrx_word' id='word_1_198' title='bbox 257 3031 287 3066; x_wconf 87' lang='lat' dir='ltr'>so</span> <span class='ocrx_word' id='word_1_199' title='bbox 308 3017 402 3083; x_wconf 87' lang='lat' dir='ltr'>spaste</span> <span class='ocrx_word' id='word_1_200' title='bbox 421 3011 478 3066; x_wconf 88' lang='lat' dir='ltr'>und</span> <span class='ocrx_word' id='word_1_201' title='bbox 505 3014 744 3082; x_wconf 80' lang='lat' dir='ltr'>nnauverlaeszige</span> <span class='ocrx_word' id='word_1_202' title='bbox 763 3013 970 3084; x_wconf 80' lang='lat' dir='ltr'>compilation«.</span> <span class='ocrx_word' id='word_1_203' title='bbox 999 3013 1058 3066; x_wconf 88' lang='lat' dir='ltr'>sim.</span> <span class='ocrx_word' id='word_1_204' title='bbox 1090 3042 1124 3050; x_wconf 92' lang='lat'><strong>—</strong></span> <span class='ocrx_word' id='word_1_205' title='bbox 1154 3011 1252 3064; x_wconf 89' lang='lat' dir='ltr'>Bern-</span> 
     </span>
     <span class='ocr_line' id='line_1_25' title="bbox 158 3105 1251 3178; baseline -0.001 -18"><span class='ocrx_word' id='word_1_206' title='bbox 158 3107 278 3176; x_wconf 85' lang='lat' dir='ltr'>hardy.</span> <span class='ocrx_word' id='word_1_207' title='bbox 289 3125 330 3178; x_wconf 83' lang='lat' dir='ltr'>gr.</span> <span class='ocrx_word' id='word_1_208' title='bbox 338 3107 367 3160; x_wconf 90' lang='lat' dir='ltr'>L.</span> <span class='ocrx_word' id='word_1_209' title='bbox 378 3109 408 3162; x_wconf 88' lang='lat' dir='ltr'>G.</span> <span class='ocrx_word' id='word_1_210' title='bbox 419 3107 827 3178; x_wconf 80' lang='lat' dir='ltr'>⁴Ip.640In.Philostratorum</span> <span class='ocrx_word' id='word_1_211' title='bbox 841 3109 925 3162; x_wconf 86' lang='lat' dir='ltr'>aetati</span> <span class='ocrx_word' id='word_1_212' title='bbox 938 3107 1098 3162; x_wconf 83' lang='lat' dir='ltr'>adscribere</span> <span class='ocrx_word' id='word_1_213' title='bbox 1108 3105 1251 3160; x_wconf 85' lang='lat' dir='ltr'>Philonem</span> 
     </span>
     <span class='ocr_line' id='line_1_26' title="bbox 159 3203 765 3262; baseline 0.005 -3"><span class='ocrx_word' id='word_1_214' title='bbox 159 3203 279 3259; x_wconf 86' lang='lat' dir='ltr'>uidetur.</span> <span class='ocrx_word' id='word_1_215' title='bbox 763 3257 765 3262; x_wconf 81' lang='grc'>,</span> 
     </span>
    </p>

    <p class='ocr_par' dir='ltr' id='par_1_6' title="bbox 90 3295 1251 3744">
     <span class='ocr_line' id='line_1_27' title="bbox 90 3295 1251 3373; baseline -0.003 -15"><span class='ocrx_word' id='word_1_216' title='bbox 90 3295 93 3304; x_wconf 74' lang='grc'>’</span> <span class='ocrx_word' id='word_1_217' title='bbox 172 3359 183 3373; x_wconf 47' lang='lat'><em>„</em></span> <span class='ocrx_word' id='word_1_218' title='bbox 258 3303 276 3357; x_wconf 85' lang='lat'><strong>4</strong></span> <span class='ocrx_word' id='word_1_219' title='bbox 304 3301 415 3356; x_wconf 82' lang='lat' dir='ltr'>»Kolols</span> <span class='ocrx_word' id='word_1_220' title='bbox 434 3317 489 3357; x_wconf 83' lang='lat' dir='ltr'>von</span> <span class='ocrx_word' id='word_1_221' title='bbox 508 3301 648 3356; x_wconf 82' lang='lat' dir='ltr'>Rhodorr.</span> <span class='ocrx_word' id='word_1_222' title='bbox 673 3299 790 3371; x_wconf 81' lang='lat' dir='ltr'>Hambg.</span> <span class='ocrx_word' id='word_1_223' title='bbox 816 3303 883 3358; x_wconf 80' lang='grc'><strong>1865</strong></span> <span class='ocrx_word' id='word_1_224' title='bbox 903 3319 930 3371; x_wconf 85' lang='lat' dir='ltr'>p.</span> <span class='ocrx_word' id='word_1_225' title='bbox 946 3304 977 3354; x_wconf 82' lang='lat'>14</span> <span class='ocrx_word' id='word_1_226' title='bbox 996 3301 1032 3354; x_wconf 91' lang='lat' dir='ltr'>in.</span> <span class='ocrx_word' id='word_1_227' title='bbox 1059 3300 1124 3354; x_wconf 81' lang='lat' dir='ltr'>rdas</span> <span class='ocrx_word' id='word_1_228' title='bbox 1142 3299 1251 3354; x_wconf 79' lang='lat' dir='ltr'>scln&#39;ilt·</span> 
     </span>
     <span class='ocr_line' id='line_1_28' title="bbox 158 3397 1251 3470; baseline -0.007 -14"><span class='ocrx_word' id='word_1_229' title='bbox 158 3403 226 3456; x_wconf 90' lang='lat' dir='ltr'>chen</span> <span class='ocrx_word' id='word_1_230' title='bbox 244 3405 337 3470; x_wconf 78' lang='lat' dir='ltr'>traegt</span> <span class='ocrx_word' id='word_1_231' title='bbox 355 3399 409 3452; x_wconf 89' lang='lat' dir='ltr'>den</span> <span class='ocrx_word' id='word_1_232' title='bbox 437 3417 537 3453; x_wconf 90' lang='lat' dir='ltr'>namen</span> <span class='ocrx_word' id='word_1_233' title='bbox 564 3398 613 3452; x_wconf 88' lang='lat' dir='ltr'>des</span> <span class='ocrx_word' id='word_1_234' title='bbox 641 3399 831 3452; x_wconf 86' lang='lat' dir='ltr'>mechanikers</span> <span class='ocrx_word' id='word_1_235' title='bbox 849 3398 927 3451; x_wconf 90' lang='lat' dir='ltr'>Philo</span> <span class='ocrx_word' id='word_1_236' title='bbox 947 3415 1001 3450; x_wconf 92' lang='lat' dir='ltr'>von</span> <span class='ocrx_word' id='word_1_237' title='bbox 1020 3397 1126 3465; x_wconf 84' lang='lat' dir='ltr'>Byzanz</span> <span class='ocrx_word' id='word_1_238' title='bbox 1146 3415 1192 3463; x_wconf 80' lang='lat'>-3</span> <span class='ocrx_word' id='word_1_239' title='bbox 1222 3412 1251 3449; x_wconf 90' lang='lat' dir='ltr'>es</span> 
     </span>
     <span class='ocr_line' id='line_1_29' title="bbox 158 3493 1250 3564; baseline -0.007 -12"><span class='ocrx_word' id='word_1_240' title='bbox 158 3497 269 3552; x_wconf 88' lang='lat' dir='ltr'>wnerda</span> <span class='ocrx_word' id='word_1_241' title='bbox 289 3497 330 3550; x_wconf 87' lang='lat' dir='ltr'>als</span> <span class='ocrx_word' id='word_1_242' title='bbox 350 3495 448 3557; x_wconf 85' lang='lat' dir='ltr'>dassen</span> <span class='ocrx_word' id='word_1_243' title='bbox 474 3495 616 3564; x_wconf 80' lang='lat' dir='ltr'>aigentum</span> <span class='ocrx_word' id='word_1_244' title='bbox 643 3495 828 3564; x_wconf 78' lang='lat' dir='ltr'>unbedingles</span> <span class='ocrx_word' id='word_1_245' title='bbox 857 3499 1006 3548; x_wconf 85' lang='lat' dir='ltr'>vertrauen</span> <span class='ocrx_word' id='word_1_246' title='bbox 1034 3493 1250 3562; x_wconf 85' lang='lat' dir='ltr'>beanspruchen‚</span> 
     </span>
     <span class='ocr_line' id='line_1_30' title="bbox 158 3590 1251 3662; baseline -0.007 -14"><span class='ocrx_word' id='word_1_247' title='bbox 158 3611 237 3648; x_wconf 86' lang='lat' dir='ltr'>wenn</span> <span class='ocrx_word' id='word_1_248' title='bbox 264 3592 343 3647; x_wconf 89' lang='lat' dir='ltr'>nicht</span> <span class='ocrx_word' id='word_1_249' title='bbox 362 3597 412 3646; x_wconf 86' lang='lat' dir='ltr'>ton</span> <span class='ocrx_word' id='word_1_250' title='bbox 440 3593 497 3645; x_wconf 89' lang='lat' dir='ltr'>und</span> <span class='ocrx_word' id='word_1_251' title='bbox 515 3591 605 3646; x_wconf 89' lang='lat' dir='ltr'>inhalt</span> <span class='ocrx_word' id='word_1_252' title='bbox 629 3592 681 3645; x_wconf 87' lang='lat' dir='ltr'>den</span> <span class='ocrx_word' id='word_1_253' title='bbox 700 3591 849 3662; x_wconf 81' lang='lat' dir='ltr'>Byzantier</span> <span class='ocrx_word' id='word_1_254' title='bbox 876 3609 927 3646; x_wconf 90' lang='lat' dir='ltr'>uns</span> <span class='ocrx_word' id='word_1_255' title='bbox 955 3591 996 3645; x_wconf 84' lang='lat' dir='ltr'>als</span> <span class='ocrx_word' id='word_1_256' title='bbox 1015 3590 1181 3659; x_wconf 78' lang='lat' dir='ltr'>Byzantium</span> <span class='ocrx_word' id='word_1_257' title='bbox 1209 3606 1251 3641; x_wconf 89' lang='lat' dir='ltr'>ar·</span> 
     </span>
     <span class='ocr_line' id='line_1_31' title="bbox 157 3689 433 3744; baseline -0.011 -1"><span class='ocrx_word' id='word_1_258' title='bbox 157 3689 287 3744; x_wconf 84' lang='lat' dir='ltr'>soheinen</span> <span class='ocrx_word' id='word_1_259' title='bbox 304 3689 433 3742; x_wconf 76' lang='lat' dir='ltr'>liemon«.</span> 
     </span>
    </p>

    <p class='ocr_par' dir='ltr' id='par_1_7' title="bbox 155 3781 1252 4338">
     <span class='ocr_line' id='line_1_32' title="bbox 260 3781 1251 3853; baseline -0.007 -13"><span class='ocrx_word' id='word_1_260' title='bbox 260 3788 276 3840; x_wconf 80' lang='lat'><strong>5</strong></span> <span class='ocrx_word' id='word_1_261' title='bbox 306 3785 422 3838; x_wconf 86' lang='lat' dir='ltr'>Pristini</span> <span class='ocrx_word' id='word_1_262' title='bbox 440 3783 516 3838; x_wconf 86' lang='lat' dir='ltr'>illius</span> <span class='ocrx_word' id='word_1_263' title='bbox 543 3783 741 3838; x_wconf 87' lang='lat' dir='ltr'>miraculorum</span> <span class='ocrx_word' id='word_1_264' title='bbox 769 3783 875 3837; x_wconf 87' lang='lat' dir='ltr'>ordinis</span> <span class='ocrx_word' id='word_1_265' title='bbox 903 3783 950 3853; x_wconf 82' lang='lat' dir='ltr'>(cf.</span> <span class='ocrx_word' id='word_1_266' title='bbox 971 3782 1095 3850; x_wconf 85' lang='lat' dir='ltr'>Antipat.</span> <span class='ocrx_word' id='word_1_267' title='bbox 1114 3782 1203 3851; x_wconf 81' lang='lat' dir='ltr'>epigr.</span> <span class='ocrx_word' id='word_1_268' title='bbox 1221 3781 1251 3834; x_wconf 91' lang='lat' dir='ltr'>in</span> 
     </span>
     <span class='ocr_line' id='line_1_33' title="bbox 157 3873 1251 3950; baseline -0.005 -14"><span class='ocrx_word' id='word_1_269' title='bbox 157 3881 242 3936; x_wconf 82' lang='lat' dir='ltr'>Antb.</span> <span class='ocrx_word' id='word_1_270' title='bbox 261 3881 317 3936; x_wconf 86' lang='lat' dir='ltr'>Pal.</span> <span class='ocrx_word' id='word_1_271' title='bbox 336 3879 383 3950; x_wconf 84' lang='lat' dir='ltr'>IX,</span> <span class='ocrx_word' id='word_1_272' title='bbox 402 3883 445 3935; x_wconf 81' lang='lat'>58.</span> <span class='ocrx_word' id='word_1_273' title='bbox 465 3879 519 3934; x_wconf 91' lang='lat' dir='ltr'>uol.</span> <span class='ocrx_word' id='word_1_274' title='bbox 538 3880 565 3932; x_wconf 97' lang='lat' dir='ltr'>lI</span> <span class='ocrx_word' id='word_1_275' title='bbox 583 3900 610 3950; x_wconf 91' lang='lat' dir='ltr'>p.</span> <span class='ocrx_word' id='word_1_276' title='bbox 625 3883 658 3933; x_wconf 82' lang='lat'>12</span> <span class='ocrx_word' id='word_1_277' title='bbox 677 3881 795 3948; x_wconf 87' lang='lat' dir='ltr'>Duebn.)</span> <span class='ocrx_word' id='word_1_278' title='bbox 813 3881 974 3935; x_wconf 88' lang='lat' dir='ltr'>memoriam</span> <span class='ocrx_word' id='word_1_279' title='bbox 994 3885 1094 3948; x_wconf 88' lang='lat' dir='ltr'>quarto</span> <span class='ocrx_word' id='word_1_280' title='bbox 1113 3873 1251 3947; x_wconf 82' lang='lat' dir='ltr'>p.&#39;Ohr.n.</span> 
     </span>
     <span class='ocr_line' id='line_1_34' title="bbox 157 3975 1251 4046; baseline -0.003 -15"><span class='ocrx_word' id='word_1_281' title='bbox 157 3977 269 4032; x_wconf 88' lang='lat' dir='ltr'>saeculo</span> <span class='ocrx_word' id='word_1_282' title='bbox 288 3978 363 4032; x_wconf 85' lang='lat' dir='ltr'>inter</span> <span class='ocrx_word' id='word_1_283' title='bbox 389 3978 515 4031; x_wconf 86' lang='lat' dir='ltr'>homiues</span> <span class='ocrx_word' id='word_1_284' title='bbox 544 3977 668 4032; x_wconf 85' lang='lat' dir='ltr'>eruditos</span> <span class='ocrx_word' id='word_1_285' title='bbox 685 3978 702 4030; x_wconf 89' lang='lat' dir='ltr'>i.</span> <span class='ocrx_word' id='word_1_286' title='bbox 722 3993 745 4031; x_wconf 87' lang='lat' dir='ltr'>e.</span> <span class='ocrx_word' id='word_1_287' title='bbox 763 3978 792 4030; x_wconf 89' lang='lat' dir='ltr'>in</span> <span class='ocrx_word' id='word_1_288' title='bbox 811 3977 999 4046; x_wconf 81' lang='lat' dir='ltr'>sophistarum</span> <span class='ocrx_word' id='word_1_289' title='bbox 1018 3975 1120 4029; x_wconf 85' lang='lat' dir='ltr'>scholis</span> <span class='ocrx_word' id='word_1_290' title='bbox 1140 3976 1251 4029; x_wconf 86' lang='lat' dir='ltr'>institn-</span> 
     </span>
     <span class='ocr_line' id='line_1_35' title="bbox 155 4072 1252 4143; baseline -0.005 -14"><span class='ocrx_word' id='word_1_291' title='bbox 155 4079 200 4129; x_wconf 86' lang='lat' dir='ltr'>tos</span> <span class='ocrx_word' id='word_1_292' title='bbox 226 4092 284 4128; x_wconf 89' lang='lat' dir='ltr'>non</span> <span class='ocrx_word' id='word_1_293' title='bbox 314 4074 492 4129; x_wconf 85' lang='lat' dir='ltr'>obliteratam</span> <span class='ocrx_word' id='word_1_294' title='bbox 520 4073 615 4138; x_wconf 76' lang='lat' dir='ltr'>luisse,</span> <span class='ocrx_word' id='word_1_295' title='bbox 644 4074 817 4129; x_wconf 87' lang='lat' dir='ltr'>notissimum</span> <span class='ocrx_word' id='word_1_296' title='bbox 836 4073 965 4143; x_wconf 78' lang='lat' dir='ltr'>Gregorii</span> <span class='ocrx_word' id='word_1_297' title='bbox 985 4073 1050 4127; x_wconf 80' lang='lat' dir='ltr'>Nar.</span> <span class='ocrx_word' id='word_1_298' title='bbox 1080 4072 1252 4141; x_wconf 86' lang='lat' dir='ltr'>epigramma</span> 
     </span>
     <span class='ocr_line' id='line_1_36' title="bbox 155 4169 1251 4242; baseline -0.004 -16"><span class='ocrx_word' id='word_1_299' title='bbox 155 4171 238 4228; x_wconf 84' lang='lat' dir='ltr'>dccet</span> <span class='ocrx_word' id='word_1_300' title='bbox 257 4171 323 4241; x_wconf 86' lang='grc' dir='ltr'>(ΑΡ.</span> <span class='ocrx_word' id='word_1_301' title='bbox 338 4171 411 4233; x_wconf 84' lang='lat' dir='ltr'><strong>VIII,</strong></span> <span class='ocrx_word' id='word_1_302' title='bbox 430 4173 488 4224; x_wconf 88' lang='grc'><strong>177.</strong></span> <span class='ocrx_word' id='word_1_303' title='bbox 514 4172 567 4226; x_wconf 89' lang='lat' dir='ltr'>nol.</span> <span class='ocrx_word' id='word_1_304' title='bbox 588 4171 600 4226; x_wconf 90' lang='lat'>1</span> <span class='ocrx_word' id='word_1_305' title='bbox 619 4189 647 4241; x_wconf 91' lang='lat' dir='ltr'>p.</span> <span class='ocrx_word' id='word_1_306' title='bbox 668 4173 719 4225; x_wconf 80' lang='grc'>536</span> <span class='ocrx_word' id='word_1_307' title='bbox 738 4171 866 4242; x_wconf 73' lang='lat' dir='ltr'>baean).</span> <span class='ocrx_word' id='word_1_308' title='bbox 903 4170 1032 4224; x_wconf 78' lang='lat' dir='ltr'>Getarum</span> <span class='ocrx_word' id='word_1_309' title='bbox 1052 4173 1115 4222; x_wconf 86' lang='lat' dir='ltr'>ante</span> <span class='ocrx_word' id='word_1_310' title='bbox 1134 4169 1251 4222; x_wconf 85' lang='lat' dir='ltr'>tertium</span> 
     </span>
     <span class='ocr_line' id='line_1_37' title="bbox 155 4267 1251 4338; baseline -0.006 -13"><span class='ocrx_word' id='word_1_311' title='bbox 155 4269 296 4324; x_wconf 88' lang='lat' dir='ltr'>saeculum</span> <span class='ocrx_word' id='word_1_312' title='bbox 306 4268 433 4322; x_wconf 81' lang='lat' dir='ltr'>Philonia</span> <span class='ocrx_word' id='word_1_313' title='bbox 451 4269 577 4324; x_wconf 88' lang='lat' dir='ltr'>libellum</span> <span class='ocrx_word' id='word_1_314' title='bbox 597 4269 683 4323; x_wconf 88' lang='lat' dir='ltr'>scribi</span> <span class='ocrx_word' id='word_1_315' title='bbox 692 4285 747 4322; x_wconf 92' lang='lat' dir='ltr'>non</span> <span class='ocrx_word' id='word_1_316' title='bbox 766 4269 891 4338; x_wconf 86' lang='lat' dir='ltr'>potuisse</span> <span class='ocrx_word' id='word_1_317' title='bbox 909 4267 1094 4322; x_wconf 84' lang='lat' dir='ltr'>certissimum</span> <span class='ocrx_word' id='word_1_318' title='bbox 1114 4269 1164 4320; x_wconf 89' lang='lat' dir='ltr'>sst.</span> <span class='ocrx_word' id='word_1_319' title='bbox 1187 4283 1251 4318; x_wconf 86' lang='lat' dir='ltr'>nam</span> 
     </span>
    </p>
   </div>
   <div class='ocr_carea' id='block_1_5' title="bbox 1043 4392 1059 4444">
    <p class='ocr_par' dir='ltr' id='par_1_8' title="bbox 1043 4392 1059 4444">
     <span class='ocr_line' id='line_1_38' title="bbox 1043 4392 1059 4444; baseline 0 0"><span class='ocrx_word' id='word_1_320' title='bbox 1043 4392 1059 4444; x_wconf 84' lang='grc'><strong>3</strong></span> 
     </span>
    </p>
   </div>
   <div class='ocr_carea' id='block_1_6' title="bbox 0 0 1510 4904">
    <p class='ocr_par' dir='ltr' id='par_1_9' title="bbox 0 0 1510 4904">
     <span class='ocr_line' id='line_1_39' title="bbox 0 0 1510 4904; baseline 0 0"><span class='ocrx_word' id='word_1_321' title='bbox 0 0 1510 4904; x_wconf 95' lang='lat' dir='ltr'> </span> 
     </span>
    </p>
   </div>
  </div>
 </body>
</html>
