3010 4904
785 332 825 392 38

253 514 399 582 Dionis
423 512 590 606 Apsinis
622 514 744 580 nullum
765 515 932 600 reperitur,
957 525 1110 600 quantum
1132 541 1217 587 nuno
1242 495 1347 605 uideo,

252 625 360 690 hiatus
383 622 423 690 de
445 622 606 690 industria
620 623 715 688 uitati
737 625 920 709 uestigium.
962 629 1095 712 Propter
1130 629 1214 696 hanc
1242 638 1349 696 autem

253 733 418 800 licentiam
438 732 544 811 nullis,
569 739 604 798 ut
637 733 760 817 opinor,
793 737 946 802 cancellis
981 738 1254 824 circumscriptam
1277 761 1349 806 cum

254 842 422 910 deflectere
455 842 598 908 uhetores
620 863 641 907 a
661 850 770 909 uetere
804 846 968 930 elegantia
998 847 1191 932 uiderentur,
1225 849 1348 932 insigni

253 952 391 1037 quadam
414 951 622 1017 conuersione
651 952 843 1020 factumest
874 962 909 1021 nt
927 955 969 1020 ad
1001 957 1164 1022 seueriora
1196 957 1350 1024 dehiatu

1494 2399 1495 2422 r

1494 2847 1495 2912 l

252 1069 426 1148 praecepta
446 1082 484 1127 ac
497 1061 725 1146 propemodum
740 1064 903 1130 Isocratea
916 1066 1062 1130 nonnulli
1077 1066 1228 1133 redirent.
1251 1087 1348 1150 quam

253 1171 470 1249 mutationem,
493 1158 557 1236 etsi
577 1190 639 1254 quo
662 1179 789 1238 auctore
813 1180 846 1240 et
868 1173 947 1240 duce
979 1175 1066 1241 facta
1099 1176 1142 1242 sit
1173 1177 1261 1241 nullo
1293 1195 1347 1241 ue·

252 1289 355 1348 terum
389 1279 572 1346 testimonio
606 1287 712 1364 potest
744 1280 881 1362 deliniri,
914 1303 979 1349 non
1014 1284 1157 1350 dubitem
1189 1293 1296 1351 tamen
1328 1307 1348 1352 a

255 1389 399 1456 Cassio
421 1389 604 1472 Longino
626 1395 781 1473 repetere.
822 1410 916 1473 quem
937 1399 1161 1477 praeterquam
1184 1393 1270 1476 quod
1291 1414 1347 1459 no-

253 1520 328 1565 uam
350 1499 485 1565 Athenis
509 1497 653 1563 scholam
684 1499 850 1582 aperuisse
883 1507 915 1566 et
946 1503 1032 1587 apud
1064 1522 1173 1569 omnes
1207 1504 1349 1569 omnium

253 1613 430 1691 temporum
462 1605 635 1688 scriptores
659 1612 690 1670 et
711 1607 901 1675 auctoritate
923 1617 955 1676 et
977 1610 1064 1675 fama
1095 1610 1239 1677 ualuisse
1275 1631 1348 1677 con-

253 1727 326 1804 stat,
350 1720 446 1802 longo
468 1720 621 1803 temporis
644 1720 750 1804 spatio
772 1721 939 1806 interiecto
954 1723 1092 1806 primunr
1107 1721 1254 1789 uidemus
1269 1724 1350 1788 talia

253 1850 335 1912 quae
355 1828 424 1894 dixi
458 1834 632 1913 praecepta
664 1835 695 1894 et
716 1827 906 1895 edentem¹¹
941 1836 973 1895 et
993 1824 1109 1915 ipsum,
1132 1838 1166 1896 ut
1187 1852 1248 1916 par
1269 1838 1347 1912 erat,

253 1939 486 2005 obseruantem.

335 2049 425 2114 Haeo
441 2069 518 2114 uero
533 2069 607 2114 mox
622 2069 642 2112 a
656 2047 805 2114 Iuliani
822 2046 1025 2136 Cappadocis
1041 2057 1073 2114 et
1086 2049 1347 2128 Prohaeresii,

252 2157 316 2222 nisi
338 2157 442 2241 fallor,
465 2157 666 2224 auditoribus
696 2159 731 2223 in
763 2157 904 2223 omnium
935 2157 1003 2223 fere
1036 2159 1198 2224 rhetorum
1230 2158 1349 2225 scholis

254 2266 428 2356 diuolgata,
448 2267 555 2349 quarti
570 2273 602 2330 et
616 2267 719 2349 quinti
740 2267 861 2332 saeculi
884 2266 1047 2350 sophistae
1069 2266 1112 2331 ad
1126 2287 1224 2332 unum
1239 2288 1348 2334 omnes

254 2377 357 2442 secuti
378 2384 460 2460 sunt,
481 2377 528 2440 ita
548 2381 656 2441 tamen
677 2382 712 2441 ut
734 2397 754 2440 a
777 2377 878 2441 nimia
892 2376 1032 2459 Longini
1047 2397 1124 2444 cura
1138 2375 1181 2440 ad
1195 2378 1349 2442 maiorem

109 2491 237 2582 fflrafflg
255 2485 423 2572 paullatim
453 2484 626 2578 licentiam,
660 2492 694 2550 ut
726 2487 815 2570 solet,
847 2485 1081 2551 delaberentur.
1132 2485 1208 2551 Fuit
1243 2492 1350 2551 autem

160 2593 173 2624 ⁶
207 2612 212 2624 ·
255 2593 394 2678 Longini
416 2594 549 2676 eiusque
572 2601 766 2672 sectatorum
788 2595 822 2660 in
843 2594 977 2660 uitando
1010 2595 1101 2660 hiatu
1121 2596 1203 2661 ratio
1232 2595 1347 2662 haece:

254 2724 377 2769 summo
398 2703 448 2768 illi
471 2701 577 2767 studio
601 2703 708 2768 hiatus
723 2702 892 2786 fugiebant
914 2721 1032 2787 omnes,
1045 2703 1195 2768 citandos
1218 2703 1348 2786 quidem

252 2833 331 2892 esse,
344 2811 411 2896 sed,
436 2811 530 2878 modo
551 2833 624 2877 raro
639 2819 843 2896 ponerentur,
858 2812 989 2877 tolerari
1011 2832 1106 2896 posse
1121 2833 1177 2878 eos
1191 2812 1349 2897 putabant

253 2923 308 3005 qui
329 2929 402 3007 post
419 2919 476 2984 καί
494 2927 525 2986 et
548 2921 709 3005 articulos,
730 2927 803 3005 post
835 2921 880 3001 (et
902 2921 989 3001 ante)
1011 2909 1032 3008 ἤ
1053 2914 1099 3005 μή
1124 2915 1199 3009 (δή),
1230 2921 1349 2987 deinde

252 3039 325 3117 post
344 3033 458 3097 breues
479 3031 609 3096 uocales
635 3050 753 3113 easque
775 3051 839 3096 non
864 3036 976 3096 acutas
1005 3029 1079 3110 (sed
1099 3030 1263 3095 rarissime
1283 3029 1348 3096 nisi

257 3141 370 3226 paucis
391 3139 514 3206 uoculis
537 3140 680 3224 exceptis
702 3147 804 3225 postu
820 3139 875 3220 οι)
895 3139 1106 3217 efficerentur,
1129 3137 1268 3222 deniqne
1291 3140 1349 3205 ubi

251 3250 540 3334 quantulacumque
558 3267 659 3330 pausa
681 3248 902 3315 intercederet.
960 3250 1000 3313 In
1020 3248 1071 3313 his
1093 3248 1193 3331 igitur
1215 3249 1347 3314 nonita

251 3359 385 3424 multum
415 3357 586 3424 abhorrere
610 3357 790 3440 Longinum
821 3357 932 3423 abeis
966 3358 1147 3442 praeceptis
1179 3359 1347 3442 intelleges

252 3489 335 3553 quae
357 3471 515 3534 Isocrates
535 3467 570 3532 in
592 3466 773 3532 forensibus
807 3466 1005 3532 orationibus
1037 3466 1201 3549 sequenda
1233 3467 1343 3532 existi-

253 3579 362 3645 mauit.
406 3596 599 3660 quamquam
617 3582 665 3642 est
687 3575 830 3660 profecto
850 3575 907 3641 ubi
931 3575 1090 3642 differant.

96 3689 254 3791 fflssffia
353 3685 424 3764 Qua
446 3692 553 3751 autem
574 3687 697 3751 ratione
718 3685 873 3764 Philonis,
900 3691 936 3750 ut
958 3684 1001 3750 ad
1034 3705 1107 3749 eum
1139 3684 1268 3750 tandem
1299 3705 1347 3750 re·

10 3799 11 3806 ’
252 3800 369 3878 nertar,
401 3794 441 3860 de
468 3795 559 3860 hiatu
593 3800 766 3879 praecepta
797 3813 972 3876 congruere
994 3792 1083 3859 dices
1115 3813 1187 3858 cum
1209 3793 1348 3876 Longini

252 3902 328 3986 illis,
350 3903 509 3986 siquidem
530 3904 586 3968 ille
607 3903 671 3969 nisi
697 3901 915 3968 intercedente
935 3922 1039 3986 pausa
1069 3902 1192 3967 nullum
1212 3902 1345 3988 hiatum,

253 4031 294 4078 ne
313 4018 386 4098 post
404 4012 556 4078 articulos
579 4010 708 4094 quidem
729 4016 761 4075 et
774 4008 828 4074 καί
841 4010 1033 4095 particulam
1048 4009 1204 4080 admisit?
1229 3997 1348 4078 Verum

353 4221 385 4272 11
414 4217 449 4274 cl.
471 4217 554 4272 Rhet.
573 4215 782 4286 sr.1,p.aoo,
801 4219 818 4271 8
838 4233 897 4285 sqq.
916 4215 1017 4288 Speng.
