3010 4904
697 335 737 396 39

170 523 332 588 enimuero
354 523 388 588 in
410 522 476 587 alia
498 543 599 606 eaque
622 523 799 609 posteriore
821 523 940 606 schola,
955 544 1038 606 quae
1059 523 1135 589 inde
1157 524 1198 588 ab
1220 522 1265 587 al-

170 637 240 696 tera
263 631 366 714 quinti
386 633 508 698 saeculi
526 639 617 717 parte
641 632 819 699 innotuisse
841 632 978 716 uidetur,
1001 633 1081 698 talia
1102 633 1143 698 de
1174 633 1265 698 hiatu

170 741 303 806 nitendo
318 740 523 807 docebantur
556 761 630 807 ecoe
645 742 746 807 Eust
754 742 904 821 athius,
927 742 1118 808 ereticorum
1132 742 1265 827 scripto·

172 871 242 915 rum
263 856 299 915 ιιι
319 856 425 915 aetate
446 850 625 918 infimusit
612 844 834 936 tadignilatq
871 851 1060 937 saepissime
1090 853 1265 937 inpensis,

170 965 262 1044 praet
263 979 337 1025 orca
358 979 516 1042 nusquam
536 960 605 1026 hiat
592 967 643 1026 tus
665 962 860 1027 tolerarit.
827 963 851 1002 ¹⁹
897 961 962 1027 id
953 981 1059 1046 1psum
1080 982 1156 1046 ergo
1180 961 1266 1045 quod

171 1067 317 1133 Philonis
339 1067 511 1134 uidebatur
532 1070 697 1154 proprium
718 1090 790 1136 esse
821 1071 908 1156 apud
929 1070 1133 1138 Eustathium
1154 1070 1265 1156 depre-

172 1175 350 1261 hendimus,
372 1178 437 1243 nisi
457 1178 543 1260 quod
564 1179 649 1244 huno
663 1199 704 1245 ex
717 1179 791 1263 ipsa
811 1180 918 1246 hiatus
940 1181 974 1245 in
996 1201 1099 1265 pausa
1119 1179 1266 1263 frequen·

172 1287 219 1351 tia
239 1307 280 1354 ex
302 1307 403 1371 eoque
435 1287 522 1371 quod
554 1295 627 1373 post
659 1286 713 1352 καί
734 1296 766 1355 et
788 1289 940 1356 articulos
972 1309 1044 1356 eum
1076 1310 1140 1358 non
1171 1290 1266 1373 plane

160 1395 361 1480 ‘fugiendum
382 1398 474 1464 duxit
496 1397 584 1464 idem
603 1406 809 1484 pracceptum
832 1399 997 1482 aliquanto
1011 1399 1147 1464 Philone
1168 1399 1265 1465 lieen-

173 1507 237 1572 tius
258 1514 401 1574 secutum
416 1527 487 1574 esse
502 1508 708 1592 intellegitur.
740 1508 784 1573 At
798 1530 862 1575 non
877 1515 925 1574 ost
940 1528 997 1574 cur
1009 1508 1053 1573 ad
1063 1508 1268 1574 Eustathium

174 1615 360 1700 descendas,
377 1616 528 1700 quoniam
542 1617 641 1701 plana
654 1616 799 1682 eiusdem
815 1616 1007 1702 disciplinae
1023 1618 1170 1702 exempla
1181 1617 1268 1701 apud

174 1727 346 1810 scriptores
362 1731 472 1792 extant
489 1725 658 1792 Eustathio
672 1727 772 1792 multo
787 1726 920 1810 priores.
957 1727 1131 1792 Libanii
1153 1726 1420 1834 euoluernonmmnm

175 1836 344 1902 Reiskiani
365 1836 515 1902 uolumen
537 1841 798 1917 quartumque
819 1836 928 1901 nescio
948 1835 1028 1918 quid
1049 1842 1104 1920 apt
1105 1836 1156 1901 ius
1177 1854 1266 1922 repe·
1282 1847 1398 1956 peremto
1400 1861 1412 1900 r

174 1945 276 2011 riatur
296 1964 335 2010 ao
356 1944 547 2029 locupletius
570 1943 613 2010 ad
636 1943 766 2010 diuersa
787 1943 987 2010 diuersorum
1013 1945 1175 2012 rhetorum
1196 1965 1268 2010 oum
1282 1916 1347 2008 uili
1300 1974 1412 2066 8011Μι-

175 2053 329 2118 aliatum
351 2052 391 2119 do
414 2053 505 2118 hiatu
470 2059 708 2138 tpraeoepta
734 2052 988 2119 internoscenda.
1030 2055 1069 2119 In
1088 2053 1149 2118 hac
1170 2053 1269 2137 igitur

175 2160 399 2244 farragine-
429 2182 504 2226 nam
533 2181 553 2226 a
586 2161 722 2227 Libanio
751 2162 867 2244 omnia,
901 2168 956 2227 aut
986 2161 1125 2247 plurima
1156 2162 1270 2227 saltem

176 2267 297 2355 scripta
321 2290 391 2336 esse
414 2290 506 2336 nemo
529 2278 606 2355 puto
629 2270 798 2337 contendet
819 2305 860 2316 -
882 2278 933 2336 sat
953 2271 1054 2336 multa
1075 2270 1184 2336 insunt
1197 2290 1269 2355 pro·

176 2385 400 2464 gymnasmata
421 2399 503 2462 quae
524 2379 649 2446 uitandi
665 2380 772 2446 hiatus
788 2379 993 2465 simillimam,
1014 2381 1169 2446 nonnulla
1189 2400 1271 2463 quae

177 2488 313 2554 eandem
332 2494 499 2572 praestant
514 2494 609 2572 atque
625 2508 721 2572 quam
735 2488 905 2556 Philonem
920 2489 1110 2556 obseruasse
1125 2485 1271 2554 uidemus

177 2599 344 2665 rationem.
390 2596 469 2680 quid
502 2598 625 2664 multa?
655 2598 922 2665 declamationem
942 2587 1140 2680 Ἀρχίδαμος
1158 2597 1272 2664 inscri-

175 2716 264 2793 ptam
286 2709 329 2792 (p.
346 2709 407 2772 420
430 2712 514 2790 sqq.)
538 2707 592 2790 qui
608 2707 797 2792 composuit,
813 2728 885 2774 eum
900 2706 1136 2774 studiosissime
1150 2707 1272 2774 uitasse

177 2818 300 2884 hiatum
319 2823 465 2902 apertum
486 2798 544 2884 est.
589 2816 644 2882 ubi
678 2823 786 2883 tamen
819 2816 997 2884 admissum
1027 2816 1146 2883 uides?
1183 2823 1272 2901 „post

178 2926 338 3010 uirgulam
359 2924 531 3008 aliquoties
552 2931 607 2990 aut
628 2928 809 3009 punctum“‚
834 2924 893 2991 sod
915 2924 960 2990 ibi
982 2944 1108 3007 quoque
1131 2944 1272 3009 perraro,

178 3054 335 3118 nusquam
355 3034 444 3100 alibi.
477 3033 555 3118 quin
580 3034 677 3100 etiam
698 3054 739 3100 ne
760 3033 796 3100 id
819 3033 949 3118 quidem
970 3034 1013 3099 ab
1034 3033 1095 3099 hoo
1117 3033 1272 3119 scriptore
1342 3080 1346 3088 ·

178 3163 363 3210 conoessum
386 3150 444 3224 est,
467 3142 553 3226 quod
575 3143 645 3228 ipse
660 3143 818 3210 Isocrates
842 3143 981 3228 saepius,
1013 3142 1272 3227 frequentissime

112 3275 118 3296 ·
178 3253 411 3320 Demosthenes
433 3253 602 3336 commisit,
624 3259 660 3319 ut
681 3252 789 3318 breuis
812 3272 894 3336 quae
919 3252 1129 3320 antecedebat
1150 3253 1272 3320 uocalis

179 3362 314 3430 elisione
331 3362 453 3428 hiatum
466 3363 602 3446 fugeret.
624 3361 715 3428 onius
736 3360 883 3428 elisionis
895 3361 976 3430 haee
991 3369 1114 3429 tantum
1126 3363 1273 3448 exempla

178 3471 304 3556 reperio
336 3492 367 3555 p.
384 3475 454 3555 423,
474 3475 511 3535 18
544 3470 612 3536 oo’d’
634 3470 687 3535 ἵνα
708 3469 754 3552 (et
769 3471 815 3536 ita
829 3471 987 3537 scribeud.
1010 3493 1040 3556 p.
1055 3471 1127 3555 422,
1143 3475 1182 3537 32
1205 3470 1272 3535 οὐδ’

179 3571 286 3663 εἶναι),
309 3571 340 3664 p'.
356 3583 427 3665 424,
446 3583 484 3643 ιο
503 3585 535 3645 et
553 3583 625 3659 ιιι,
643 3584 681 3644 10
712 3569 771 3643 oss
798 3569 861 3644 ιιι*
885 3573 979 3656 ὅπως
1012 3580 1180 3645 formulam
1211 3579 1273 3647 sre-

180 3696 375 3772 quentatam‚
389 3711 419 3775 p.
431 3692 502 3767 428,
512 3692 532 3751 4
544 3678 699 3752 oddtnor'
714 3679 768 3770 ἂν,
790 3696 958 3773 praeterea
969 3709 1191 3773 nonnusquam
1204 3680 1271 3754 ἀλλ’

281 3962 315 4013 12
343 3958 519 4030 paucissimis
537 3957 659 4012 fortasse
682 3958 815 4028 exceptis,
836 3957 871 4012 de
883 3957 984 4027 quibus
997 3958 1032 4014 ab
1044 3956 1195 4025 Herchero,
1209 3975 1273 4014 cum

180 4058 343 4125 ceteroquin
371 4056 516 4112 uerissime
543 4055 578 4110 de
606 4054 755 4110 Eustathio
784 4054 951 4109 indicauerit
977 4055 1019 4124 (in
1047 4053 1151 4110 Erotio.
1172 4055 1272 4125 Script.

181 4153 278 4207 Graec.
306 4153 361 4207 uol
391 4153 419 4208 11
444 4151 555 4222 Lipsiae
586 4150 655 4206 1859
683 4149 754 4204 editi
779 4149 867 4220 praef.
886 4166 913 4219 p.
924 4149 989 4207 XVI
1009 4152 1089 4222 sqq),
1107 4151 1273 4206 sententiam
1379 4207 1383 4231 1

182 4248 257 4303 omni
276 4263 310 4302 ex
327 4251 408 4318 perte
430 4265 525 4303 ueram
543 4249 629 4304 lotam
645 4263 704 4302 esse
723 4246 892 4318 negauerim.
