3010 4904
662 371 701 432 19

92 554 270 646 ‚nominis
308 553 412 638 Argos
446 553 707 640 Amphilochium
739 560 816 637 crat,
859 552 917 619 sed
946 550 1028 618 illud
1057 549 1227 634 quominus

128 665 192 730 hoc
214 665 284 730 loco
306 684 377 730 esse
399 663 520 729 dictum
541 669 643 747 putes,
675 684 747 730 cum
768 663 922 729 aliatum
952 682 992 728 ea
1015 661 1097 726 ratio
1120 660 1225 746 prohi-

129 774 186 839 bet
208 771 293 856 quod
312 773 496 857 Epiroticae
518 772 606 838 urbis
629 772 784 838 miracula
805 772 936 838 minime
963 772 998 837 in
1029 770 1111 836 illud
1133 769 1224 854 oppi-

130 881 209 946 dum
224 881 390 964 quadrant.
423 881 471 946 ibi
493 882 579 946 enim
589 881 845 965 Argonautarum
856 878 1051 962 Medeaeque
1069 878 1225 960 reliquiae

5 1007 7 1024 ¹
129 997 188 1057 aut
221 1011 301 1074 pons
331 990 490 1056 mirabilis
523 995 555 1054 et
584 989 671 1055 Iouis
706 990 861 1073 templum
891 988 1020 1054 oraculo
1055 987 1189 1053 inlustre
1201 987 1227 1025 ²⁸

129 1099 232 1165 fuisso
254 1119 412 1181 nusquam
434 1097 610 1164 traduntur.
662 1098 772 1180 itaque
795 1104 902 1164 cetera
926 1115 1057 1164 necesse
1079 1101 1128 1161 est
1141 1095 1224 1160 eius-

131 1207 207 1273 dem
220 1208 359 1273 nominis
375 1207 495 1292 oppida
511 1207 816 1290 circumspiciamus.
847 1207 931 1272 inter
952 1205 1101 1271 undecim
1121 1211 1228 1270 autem

130 1318 205 1382 loca
233 1336 316 1400 quae
338 1316 447 1400 Steph.
468 1317 546 1401 Bya
569 1319 613 1400 (p.
637 1317 706 1400 112,
731 1319 769 1380 18
791 1334 859 1397 sqq.
893 1313 932 1380 cf.
952 1314 1042 1379 Eust.
1070 1313 1113 1378 ad
1134 1313 1228 1378 Dion.

131 1427 204 1492 Per.
226 1448 255 1492 u.
277 1430 348 1491 419.
369 1448 399 1510 p.
418 1429 484 1509 175,
502 1429 539 1490 10
554 1424 683 1506 Bemh.)
698 1430 863 1489 enumerat
886 1413 1041 1506 ,J'Aqyoffl
1066 1421 1230 1506 adpellata

131 1536 304 1620 septimum
337 1541 385 1600 est
418 1537 520 1622 Argos
552 1529 634 1598 κατὰ
665 1531 891 1616 Μακεδονίαν,
928 1538 1076 1598 octauum
1103 1520 1245 1614 Ἄργος,

129 1635 292 1727 Ὀρὲσνιον
313 1638 332 1731 ἡ
356 1645 445 1724 (libri
464 1637 498 1732 ἢ)
532 1642 565 1708 ἐν
588 1641 727 1729 Σκυθίᾳ.
780 1650 814 1709 at
843 1643 878 1708 in
902 1642 1035 1727 Scythia
1067 1642 1139 1724 quis
1171 1661 1228 1705 uu·

132 1773 230 1836 quam
251 1752 333 1819 illud
355 1752 536 1819 Oresticum
557 1753 662 1836 Argos
687 1753 784 1818 situm
806 1771 878 1818 esse
899 1750 1050 1818 audiuit?
1071 1771 1131 1834 ego
1152 1769 1228 1816 uero

134 1883 231 1945 quam
252 1862 328 1927 libri
350 1862 505 1946 praebent
537 1861 707 1928 lectionem
736 1866 859 1926 mutare
889 1881 954 1926 non
984 1859 1096 1942 ausim,
1119 1877 1227 1940 quam·

134 1992 231 2055 quam
253 1991 329 2036 num
351 1971 450 2036 uerba
468 1963 489 2056 ἢ
511 1968 544 2034 ἐν
567 1967 696 2056 Σκυθίᾳ
718 1991 738 2037 a
761 1969 916 2053 Stephani
946 1989 1042 2034 manu
1074 1986 1228 2051 prouene-

133 2081 198 2146 rint
219 2079 315 2146 ualde
340 2077 461 2145 dubito.
495 2086 644 2163 ceterum,
667 2084 738 2144 utut
759 2083 817 2160 est,
840 2078 881 2144 ab
902 2077 999 2160 Argis
1021 2075 1230 2142 Macedoniae

132 2187 212 2254 urbe
235 2188 334 2254 aliam
355 2186 553 2271 Stephanum
572 2191 662 2269 patet
688 2175 847 2266 Ὀρέσνιον
879 2183 1075 2268 adpelletsrn
1107 2182 1228 2248 disiun-

133 2317 219 2380 gere.
263 2303 296 2363 at
328 2296 389 2362 hoo
419 2296 526 2380 ipsum
546 2296 650 2378 Argos
679 2285 859 2362 Oresticum
891 2292 1059 2376 Orestidia
1088 2291 1229 2374 regionis

135 2407 353 2491 Macedoniae,
386 2413 482 2489 caput
504 2425 608 2488 neque
636 2403 726 2470 aliud
755 2403 824 2470 eius
856 2402 994 2468 nominis
1017 2400 1172 2485 oppidum
1195 2400 1229 2466 in
1276 2441 1279 2446 -
1349 2489 1352 2498 Ι

133 2514 325 2580 Macedonia
345 2514 446 2580 fuisse
466 2500 593 2581 seimus.
648 2535 772 2580 errasse
793 2515 893 2598 igitur
915 2495 1111 2597 Stephanum
1142 2510 1228 2576 dice-

136 2614 215 2688 mus'.
257 2621 315 2688 sed
337 2622 421 2688 unde
444 2629 569 2689 constat
590 2621 730 2706 Orestas,
752 2628 879 2705 gentem
890 2621 1088 2705 Epiroticam
1111 2619 1228 2700 (Strab.

135 2751 165 2815 p.
181 2731 265 2814 326),
298 2731 333 2796 in
362 2731 559 2814 Macedonia
582 2730 636 2796 uel
667 2737 766 2796 totam
798 2730 851 2794 uel
882 2749 1009 2813 semper
1040 2727 1227 2794 habitasse?

133 2841 335 2906 Ptolemaeus
358 2846 442 2906 certe
460 2840 532 2923 (III,
555 2841 602 2924 13,
621 2839 653 2922 5)
677 2873 714 2886 —
739 2838 802 2904 nisi
824 2837 915 2903 illum
937 2855 1063 2920 quoque
1084 2856 1155 2902 esse
1170 2835 1229 2902 fal-

134 2969 205 3014 sum
227 2949 396 3017 arbitraris
412 2985 449 2994 -—
465 2947 647 3016 Orestidem
661 2949 825 3032 regionem
846 2929 979 3030 egnhuit
993 2947 1186 3034 maritimam
1193 2947 1230 3012 ²⁹.

135 3076 198 3139 quo
221 3057 347 3124 accedit
361 3057 447 3140 quod
464 3057 711 3156 Stephanusxsp.
726 3062 797 3140 494,
815 3057 867 3139 25)
890 3058 1088 3125 Hecataeum
1101 3060 1229 3122 secutus

135 3164 267 3232 Orestas
285 3166 477 3232 Molossicae
499 3167 603 3250 gentis
618 3172 743 3251 partem
764 3166 865 3232 fuisse
880 3164 1039 3232 adfirmat.
1073 3164 1230 3230 Molossos

133 3261 250 3358 autem,
271 3275 400 3342 tametsi
421 3294 461 3340 ne
484 3295 593 3343 eorum
615 3274 746 3358 quidem
767 3273 861 3342 sedes
884 3275 979 3341 certis
1010 3279 1144 3359 possunt
1168 3278 1229 3337 ter-

234 3485 269 3541 28
295 3486 364 3540 setis
383 3485 481 3540 mirari
499 3502 555 3540 non
573 3502 687 3556 possum
706 3485 790 3556 quod,
816 3502 881 3540 cum
899 3484 1054 3540 Urlichsius
1078 3480 1230 3536 rectissime
1306 3499 1310 3508 ·

135 3586 318 3637 monstrasset
335 3563 387 3652 pro
406 3586 539 3652 corrupte
567 3582 737 3654 ›hyphonis‹
767 3598 835 3636 uoce
858 3598 910 3636 nec
933 3577 1119 3650 ›Trophonii‹
1148 3593 1230 3646 posse

135 3696 187 3732 nec
207 3677 395 3747 ›Tryphonis‹
416 3677 548 3732 substitui
566 3683 649 3748 atque
678 3679 737 3746 ipse
756 3694 812 3731 ncn
831 3681 936 3732 certam
963 3676 1082 3746 quidem,
1100 3673 1230 3742 probabi·

135 3771 191 3826 lem
218 3774 312 3826 temen
341 3769 498 3825 ›chthouii‹
530 3771 720 3826 coniecturam
749 3770 955 3841 proposuisset,
985 3768 1101 3822 Zinkius
1119 3769 1137 3822 l.
1156 3767 1174 3820 l.
1194 3766 1231 3820 ad

57 3883 61 3892 '
135 3867 240 3924 Dukcri
251 3867 410 3937 opinionem
422 3867 567 3924 reuolutus
579 3873 643 3922 unte
657 3868 729 3922 ›ihi‹
743 3866 919 3922 intercidisse
931 3866 1066 3935 quaedam
1076 3864 1229 3919 contendit.

234 3964 269 4017 29
296 3967 385 4017 totam
402 3963 474 4017 hunc
492 3945 678 4018 ratiocinandi
694 3963 767 4016 uiam
785 3963 862 4016 uiros
882 3960 979 4014 doctos
997 3959 1183 4028 T(euffelium)
1202 3962 1230 4012 et

136 4058 341 4128 F(crbigerum)
361 4059 545 4127 praecessisse
560 4058 651 4112 laetor
669 4056 785 4128 (Paully.
806 4055 953 4124 Rllncycl.
973 4055 987 4109 1
1008 4073 1034 4126 p.
1058 4055 1145 4124 1544).
1182 4053 1229 4122 qui

135 4172 198 4210 cum
216 4153 373 4225 Stephanus
394 4154 506 4210 Orestas
524 4152 708 4210 Μολοσσικὸν
726 4154 807 4212 ἔθνος
824 4151 954 4223 adpellot,
983 4168 1030 4206 ecs
1048 4151 1143 4206 eires
1162 4150 1230 4204 Am-

135 4251 294 4306 braciam
310 4249 462 4306 incoluisse
481 4251 650 4306 existimant.
