3010 4904
768 345 807 408 16

238 532 420 618 Ampelinm
441 536 612 619 quisquam
635 535 867 602 demonstrauit
887 535 941 617 (cf.
960 535 1046 601 inire
1058 557 1133 620 pag.
1148 535 1204 616 18)
1228 553 1333 616 neque

237 650 370 710 auctore
391 665 508 728 graeco
529 665 622 711 usum
647 665 719 711 esse
752 651 886 712 constat.
939 644 998 711 sed
1027 645 1105 711 licet
1134 644 1197 711 lroc
1227 644 1334 729 ipsum
1397 723 1402 732 ,

240 760 377 838 capute
401 774 519 838 gaece
538 755 595 820 ille
616 755 728 822 libello
748 756 972 840 descripserit:
1005 775 1063 822 cur
1084 763 1192 822 cetere
1212 755 1246 820 in
1267 773 1333 820 ser·

238 884 366 930 monem
385 865 522 930 latinum
541 866 651 932 omnia
670 887 744 932 eum
757 867 904 950 uertisse,
916 866 979 934 hoc
997 886 1063 932 uno
1075 867 1147 931 loco
1162 864 1335 931 retinuisse

238 995 357 1058 ffaeea
388 974 544 1059 putabis?-
592 975 771 1042 Verissima
813 995 865 1042 me
903 975 1012 1042 iudice
1044 975 1197 1042 Salmasii
1239 974 1336 1040 lectio

238 1089 290 1149 est
323 1084 376 1163 „iu
397 1084 622 1169 Athamanie“,
651 1106 735 1170 quae
768 1107 833 1152 non
865 1085 962 1152 uideo
993 1107 1060 1171 qua
1089 1107 1125 1152 re
1151 1107 1172 1150 a
1194 1084 1334 1150 traditae

237 1192 390 1277 uestigiis
410 1195 515 1278 maglo
536 1195 707 1261 abhorreat
727 1216 824 1279 quam
838 1195 1003 1263 Urlichsii
1045 1196 1089 1262 At
1108 1194 1234 1260 Dukeri
1253 1193 1336 1258 milri

241 1300 364 1368 obicies
385 1301 426 1368 de
447 1304 660 1370 Athamaniae
687 1304 753 1372 situ
782 1305 948 1372 iudicium
995 1305 1082 1389 quod
1113 1326 1178 1372 non
1211 1305 1336 1389 ignoro.

240 1408 300 1475 sed
319 1411 396 1478 talis
415 1412 560 1497 proiecto
579 1421 690 1480 nostra
709 1435 773 1480 non
794 1421 844 1480 est
863 1414 921 1480 nbi
948 1414 1097 1497 singulae
1127 1413 1257 1479 illarum
1287 1431 1336 1478 re·

239 1518 371 1602 giem
391 1528 505 1604 gentes
525 1522 718 1589 incoluerint
737 1523 862 1608 notitia,
882 1524 1009 1607 qualem
1030 1523 1177 1608 plerique
1206 1521 1335 1606 praedi-

241 1633 316 1695 cant
338 1627 441 1713 (quod
473 1630 539 1696 alio
570 1631 656 1696 iufra
685 1633 833 1714 exemplo
862 1629 1065 1714 inlustrato).
1109 1629 1336 1714 Propertius

241 1735 294 1820 (V,
316 1739 344 1802 6.
368 1740 416 1803 15.
438 1738 489 1806 ed
513 1739 550 1805 L.
571 1740 692 1823 lluell)
716 1741 803 1826 quod
828 1741 862 1807 in
883 1741 1049 1806 Ambracii
1068 1740 1158 1806 sinus
1187 1739 1337 1806 faucibus

245 1843 446 1923 ,Athamana
465 1847 580 1916 litora“
604 1851 705 1935 ponit,
735 1857 902 1936 poetarum
921 1850 1074 1916 licentiae
1096 1848 1229 1933 tribuas,
1250 1849 1336 1934 perl-

242 1959 292 2020 ter
322 1962 430 2022 tamen
460 1979 539 2025 cave
570 1959 612 2025 de
645 1959 780 2026 Ouidii
811 1960 943 2026 uersu²¹
975 1958 1141 2025 existimes
1180 1957 1336 2038 „admotis

242 2061 447 2132 Athamantis
469 2069 563 2152 aquis
588 2069 765 2136 accendere
796 2071 921 2154 lignum
950 2069 1128 2152 namatur‘,
1162 2069 1219 2134 nbi
1250 2073 1338 2133 recte

242 2174 394 2260 Micyllus
418 2176 656 2255 „Athamantis“
680 2199 763 2244 nom.
783 2179 866 2263 sing.
886 2178 961 2244 fem.
981 2199 1047 2244 non
1079 2178 1120 2243 de
1151 2184 1246 2260 terra,
1278 2176 1339 2244 sed

244 2284 286 2350 de
307 2305 393 2369 aqua
413 2287 484 2352 siue
503 2286 593 2360 unda
614 2288 838 2374 accipiendum
859 2308 930 2354 esse
958 2285 1051 2371 dixit,
1081 2307 1196 2371 parum
1230 2293 1339 2353 tamen

244 2400 330 2462 recte
355 2403 487 2480 propter
511 2396 752 2477 ,Athamantis“
784 2417 901 2464 nomen
932 2397 1097 2480 regionem
1117 2393 1340 2462 Thessalicam

244 2503 446 2588 significasse
469 2505 623 2573 Ouidium
643 2512 796 2592 putarunt
816 2513 872 2573 eut
890 2506 976 2572 hunc
995 2506 1116 2571 fontem
1132 2525 1209 2571 cum
1230 2504 1338 2570 Dodo

244 2633 326 2680 naec
346 2613 559 2681 confuderunt
589 2616 788 2700 interpretes.
830 2616 860 2680 is
886 2615 972 2680 euim
993 2620 1042 2681 est
1066 2613 1107 2680 de
1128 2606 1192 2698 quo'
1213 2614 1339 2680 Plinius

245 2723 493 2808 1111111218)
525 2723 624 2790 tradit
659 2730 711 2804 ‚in
732 2724 875 2810 Illyricis
905 2744 1005 2808 supra
1033 2723 1155 2789 fontem
1184 2722 1339 2807 frigidum

245 2852 409 2918 expansae
429 2839 537 2900 uestes
559 2833 806 2901 accendunturt.
849 2832 969 2900 etenim
989 2833 1024 2898 iu
1055 2832 1112 2898 illo
1144 2831 1185 2898 de
1218 2837 1340 2914 mutata

197 3013 201 3018 ,
245 2963 402 3027 aquarum
419 2949 535 3009 natura
556 2943 663 3028 'capite
681 2943 725 3026 (u.
741 2943 921 3025 eos—334)
942 2962 1074 3028 prorsus
1095 2942 1253 3008 consentit
1273 2942 1341 3025 ple·

246 3071 380 3136 rumque
397 3049 535 3117 Ouidius
550 3070 623 3117 cum
638 3052 781 3118 Senecae
805 3055 882 3129 (nat.
897 3071 949 3135 qu.
960 3051 1033 3134 III),
1048 3050 1177 3117 Vitruui
1190 3048 1339 3132 (LVIII),

246 3160 343 3245 Plini,
371 3159 547 3244 [Sotionis]
570 3160 703 3245 Isigoni‚
734 3160 889 3245 Antigoni
921 3159 1063 3244 Carystii
1091 3159 1261 3244 excerptis,
1295 3157 1343 3224 ita
1411 3143 1423 3151 ’

247 3277 283 3336 ut
313 3289 396 3353 quae
431 3269 472 3336 ab
504 3269 557 3336 Its
591 3269 749 3354 omnibus,
770 3265 891 3335 Ouidio
922 3268 1141 3349 adnumerato,
1174 3266 1342 3332 traduntur

246 3385 410 3464 tamquam
429 3377 528 3445 riuuli
547 3377 719 3445 uideantur
738 3398 780 3444 ex
799 3375 960 3444 communi
989 3375 1077 3442 fonte
1100 3394 1219 3458 omnes,
1250 3373 1342 3440 uario

247 3494 355 3554 tamen
376 3507 471 3554 cursu
492 3485 632 3554 deducti.
666 3507 739 3553 eum
758 3492 865 3554 autem
886 3485 1007 3552 fontem
1029 3482 1220 3552 Callimachi
1239 3484 1341 3550 libros

247 3596 350 3664 fuisse
370 3594 568 3679 θαυμασίων
587 3595 641 3661 καὶ
673 3588 870 3677 παραδόξων
901 3595 969 3659 τῶν
988 3583 1049 3658 ἀνὰ
1071 3591 1259 3678 adouacrio
1284 3593 1341 3676 γῆν

248 3700 330 3770 κατὰ
360 3697 486 3782 τόπους
517 3693 622 3770 ὄντων
653 3696 821 3788 συναγωγή
854 3703 1027 3788 inscriptos
1059 3701 1230 3770 conuenire
1256 3721 1342 3766 nunc

198 3859 201 3866 ,
249 3816 333 3884 inter
353 3835 463 3884 omnes
477 3814 637 3882 existimo.
673 3816 743 3880 lam
757 3813 834 3881 audi
852 3833 936 3898 quae
957 3811 1192 3878 Eudoxnm²⁸
1213 3814 1341 3875 secutus

350 3979 384 4031 22
411 3973 462 4031 Ou.
478 3976 546 4031 ItIet.
565 3975 624 4032 XV.
645 3977 696 4030 311
716 3994 756 4046 sq.
786 3935 821 4030 dc
849 3991 904 4044 quo
933 3972 996 4029 loco
1026 3971 1168 4026 uariorum
1199 3968 1343 4040 opiniones

249 4072 393 4131 conlectae
411 4072 525 4126 suntin
544 4071 698 4127 Burmanni
715 4072 758 4128 ed.
777 4071 834 4127 nol.
854 4071 882 4126 11
899 4088 927 4140 p.
947 4068 1017 4123 1034
1034 4083 1074 4137 sq.

349 4171 385 4225 28
414 4185 562 4226 excunum
590 4168 654 4224 uide
685 4168 715 4223 iu
739 4168 822 4224 huius
852 4163 1094 4224 commentationis
1123 4161 1178 4218 fine
1205 4160 1344 4218 adiectum

249 4269 288 4341 tn·
306 4267 358 4341 2⁹l
