3010 4904
701 359 740 420 29

172 539 273 605 immo
294 541 401 608 nullus
424 542 574 624 equidem
596 542 717 626 dubito,
736 543 815 625 quin
834 544 1001 610 latinum
1028 543 1269 627 exemplarent

172 649 379 734 descripserit
399 651 565 736 Ampelius
587 658 643 717 aut
663 654 866 737 exoerpserit‚
904 652 1054 736 idemque
1087 653 1139 717 eni
1160 652 1270 736 priora

175 758 291 843 sepita,
313 759 375 824 etsi
396 780 460 826 non
482 762 640 827 1111111-
654 761 740 845 quod
761 763 841 827 mihi
863 762 993 846 quidem
1011 781 1200 846 persuasum
1222 765 1271 827 est

176 902 211 912 -
235 868 329 950 plura
349 863 467 934 ‘tamen
498 869 602 955 debet,
634 870 847 955 Nigidianum
870 871 943 938 dieo
965 872 1017 937 uel
1038 869 1166 954 Nigidii
1197 870 1269 936 bre-

171 975 318 1042 uiarium.
367 977 537 1062 Nigidium
559 986 666 1046 autem
686 979 899 1046 Alexandrini
921 981 1010 1046 illius
1032 967 1214 1063 eongeriem
1235 979 1270 1044 in

172 1099 264 1146 suum
283 1101 376 1150 usum
397 1085 594 1152 conuertisse
618 1106 742 1152 eenseo.

269 1191 359 1282 Haeo
380 1214 445 1260 non
467 1195 537 1260 sine
559 1195 670 1278 aliqua
691 1196 919 1280 probabilitate
950 1197 1097 1264 eonieota
1129 1217 1209 1285 esse,
1240 1196 1271 1262 si

171 1317 239 1366 rem
260 1303 440 1368 aeouratius
463 1304 708 1389 examinaretis,
735 1325 829 1390 spero
851 1305 1025 1372 ooneedes:
1058 1305 1271 1372 demonstrari

106 1461 109 1466 r
172 1427 250 1473 sane
282 1431 346 1476 non
377 1418 511 1496 possunt
539 1413 603 1480 nisi
625 1413 775 1496 -quod
803 1416 838 1480 in
867 1415 952 1481 uotis
984 1422 1034 1481 est
1057 1451 1095 1462 —
1118 1417 1205 1482 omni
1229 1414 1270 1480 de

170 1518 311 1596 priorum
331 1521 515 1606 Ampeliani
547 1523 622 1590 libri
651 1525 793 1608 capitum
823 1524 886 1590 fide
908 1531 940 1590 et
961 1525 1148 1592 auetoribus
1173 1544 1269 1607 qnae-

170 1625 276 1692 stione
297 1629 453 1696 absoluta.

579 2243 862 2315 Exeurrur

293 2428 330 2483 ad
346 2427 449 2498 Antig.
468 2428 535 2485 Gar.
554 2429 626 2486 lrist.
646 2429 826 2487 111111.148
846 2429 937 2487 west.
966 2429 1155 2487 1111121.
1201 2395 1206 2400 ι

273 2640 324 2704 Ex
347 2639 513 2706 Eudoxi
532 2641 626 2707 libris
641 2639 874 2706 Callimachum
892 2641 973 2705 haee
994 2641 1179 2725 sumpsisse,
1199 2661 1273 2706 eon·

173 2751 282 2816 silium
293 2749 446 2834 Antigoni
461 2750 554 2816 dooet
570 2757 719 2833 certaque
742 2749 905 2815 scribendi
924 2750 1016 2835 ratio,
1039 2769 1135 2832 quam
1156 2750 1272 2816 mirum

173 2866 222 2925 est
244 2858 532 2924 Callimaoheorum
554 2857 709 2924 editorem
730 2858 940 2924 nouissimum
972 2857 1019 2922 ita
1044 2876 1111 2921 non
1143 2875 1272 2941 perspe-

175 2969 263 3033 xisse
288 2968 364 3050 (uol.
386 2967 420 3032 II
440 2987 472 3052 p.
493 2966 633 3048 311111)1
666 2973 701 3031 ut
732 2966 773 3032 de
794 2965 924 3032 testium
946 2965 1128 3031 nominibus
1161 2985 1272 3050 saepe-

174 3097 306 3143 numero
318 3077 359 3142 ab
374 3077 583 3160 epitomatore
605 3076 733 3142 omissis
755 3080 949 3159 quereretur.
969 3094 1162 3158 quamquam
1183 3075 1274 3141 illam

175 3183 389 3251 Schraderum
417 3186 483 3251 iam
521 3185 694 3266 (Fleckeis.
717 3205 790 3250 ann.
812 3183 935 3250 XCVII
959 3205 990 3270 p.
1014 3188 1084 3249 223.
1106 3187 1175 3249 224.
1197 3185 1272 3267 227)

174 3301 206 3359 et
227 3293 499 3361 Muellenhoffium
530 3295 575 3377 (ll.
597 3294 787 3372 identidem)
819 3294 848 3358 si
878 3293 984 3359 11111111
1004 3293 1218 3380 perspexisse,
1240 3299 1274 3357 at

173 3404 315 3469 animum
342 3410 448 3469 tamen
475 3404 653 3470 aduertisse
685 3402 791 3470 uideo.
846 3403 983 3470 Ratione
1005 3409 1110 3470 autem
1136 3401 1274 3487 scriptor

175 3530 214 3576 11
235 3531 311 3576 usus
332 3517 381 3576 est
402 3517 446 3595 ut,
473 3510 607 3595 perinde
629 3516 726 3593 atque
740 3511 865 3576 Plinius
887 3530 950 3576 uno
973 3516 1005 3574 et
1026 3515 1179 3592 perpetuo
1200 3529 1273 3574 nar·

175 3621 270 3686 randi
289 3628 399 3688 tenore
422 3628 559 3706 seruato,
577 3626 742 3686 auetorum
763 3622 893 3686 nomina
914 3626 969 3686 aut
991 3617 1131 3684 adferret
1152 3617 1273 3700 ubique

175 3737 231 3797 aut
251 3731 419 3813 partieulis
440 3732 553 3796 saltem
581 3730 795 3797 eoniunetiuis
822 3731 1033 3796 uerborumue
1054 3727 1273 3793 conlocatione

175 3841 342 3908 indicaret.
386 3861 468 3924 quae
490 3861 586 3924 quam
607 3860 686 3906 uera
707 3839 772 3906 sint
792 3845 827 3904 ut
847 3838 918 3924 ipse
939 3837 1104 3922 intuearis,
1130 3836 1206 3903 uide
1227 3837 1273 3902 sis

280 4056 294 4106 l
313 4051 440 4121 idemque
457 4051 493 4105 de
510 4050 541 4106 0.
559 4049 669 4106 KeNero
696 4049 742 4119 (ei.
760 4047 868 4104 Ztaehr.
887 4047 907 4102 f.
927 4051 1009 4102 oestr.
1037 4063 1129 4117 gymn.
1152 4047 1221 4102 18⁷4
1245 4063 1272 4115 p.

176 4147 327 4216 lla-13³)
345 4146 472 4215 dixerim,
490 4163 572 4216 quem
590 4145 670 4199 iuuat
687 4144 723 4200 ad
741 4140 942 4200 Muellenhoffii
959 4140 1093 4197 indicium
1112 4141 1156 4210 (Ι).
1178 4141 1270 4196 Alter·

173 4245 276 4300 tumuli.
294 4243 307 4297 l
324 4261 353 4314 p.
370 4245 422 4300 468
437 4242 499 4338 ι1111.)
516 4244 661 4314 relegatae.
