3010 4904
764 359 804 423 30

231 561 340 608 omnes
375 542 527 628 deinceps
560 542 636 609 inde
665 563 777 628 ooup.
805 545 863 607 129
887 541 1144 610 nomotiunoulus
1166 541 1329 610 artissimo

231 653 362 718 uinoulo
384 652 468 718 inter
487 673 522 718 se
544 653 743 718 ooniunotas.
775 653 865 732 (120)
898 651 998 738 φησίν
1035 649 1089 739 [so.
1112 650 1330 717 Callimachus

229 759 307 845 περὶ
328 754 556 847 θαλάττης]
579 749 775 840 Εὔδοξον
796 754 939 843 ἱστορεῖν
960 797 1009 840 -·,
1030 759 1118 842 (130)
1144 753 1331 845 Θεόφρα-

230 893 329 936 στον
348 868 393 934 δὲ
414 869 471 956 τήν
492 905 532 916 -
552 859 681 950 σῖναζεῖν
703 907 752 953 -,
780 869 870 953 (131)
893 867 927 934 ἐκ
950 865 992 933 δὲ
1012 871 1072 953 τῆς
1095 905 1134 916 -
1155 857 1331 954 ἀναφέρειν

234 978 323 1064 [post
342 974 404 1062 τήν
422 955 625 1044 inlteroidisse
640 975 699 1060 μὲν
718 978 855 1062 uidetur,
874 979 960 1062 quod
974 983 1063 1044 extat
1075 999 1101 1044 α.
1120 981 1176 1040 141
1194 975 1329 1059 et147],

231 1089 320 1170 (132)
355 1085 633 1172 Μεμασθὲνην
665 1087 707 1152 δὲ
729 1120 770 1134 —
792 1080 935 1170 ἱστορεῖν
955 1125 1005 1152 -.
1039 1088 1126 1168 (133)
1149 1085 1255 1167 Περὶ
1283 1080 1330 1148 δὲ

230 1197 307 1260 τῶν
328 1197 524 1278 ποταμῶν
542 1191 940 1281 καίκρηνῶιΛιίκον
961 1194 1032 1278 μέν
1054 1192 1264 1283 φησινλέγειν
1280 1229 1328 1272 -,

230 1305 320 1386 (134)
345 1303 518 1387 Τίμαιον
538 1304 637 1370 δὲ’-
652 1301 795 1389 ἱστορεῖν
817 1343 868 1387 -,
889 1306 980 1388 (135)
1002 1299 1270 1387 Πολύκριτον
1288 1300 1330 1366 δὲ

232 1449 273 1462 -
287 1414 560 1502 καταγεγραφίναι
571 1433 620 1462 -·-·
644 1417 733 1498 (136)
749 1414 828 1499 περὶ
842 1413 878 1481 δὲ
899 1410 957 1502 τῆν
975 1408 1138 1497 -χώραν
1153 1414 1329 1503 φησίνοο-

225 1517 336 1604 ταμόν
348 1556 389 1572 -·
406 1525 608 1611 καταφέρειν.
633 1519 878 1611 [Callimachum
899 1527 1051 1609 nominat,
1071 1545 1135 1592 non
1157 1545 1252 1608 quem
1273 1525 1329 1589 ille

233 1639 396 1698 auctorem
418 1641 547 1700 seeutus
569 1643 626 1720 est,
660 1635 719 1702 sed
740 1657 811 1703 oum
836 1657 905 1722 oop.
930 1638 986 1700 137
1010 1635 1132 1700 adloiot
1166 1629 1329 1715 „intensio

232 1741 390 1806 δὲταῦτα
413 1738 636 1828 Θεόπομπονιζ
673 1747 806 1814 dubium
835 1766 898 1812 non
930 1752 978 1812 est
1000 1746 1077 1827 quin
1110 1765 1151 1810 ex
1171 1766 1208 1812 eo
1232 1742 1330 1808 Galli·

231 1852 363 1918 maohus
398 1851 496 1917 etiam
525 1873 551 1918 o.
581 1855 639 1916 136
672 1854 852 1939 sumpserit.
903 1852 990 1937 quod
1020 1858 1052 1918 et
1086 1850 1264 1918 Sehrodero
1297 1855 1329 1916 et

231 1960 469 2027 Muellenhoffio
490 1962 652 2045 plueuisse
686 1963 820 2047 gaudeo.
863 1970 974 2028 eontra
1006 1968 1115 2046 aperte
1148 1962 1250 2028 falsus
1282 1965 1331 2025 est

235 2067 271 2134 Ο.
295 2069 511 2136 Sohneiderus
532 2069 575 2135 ad
595 2070 702 2155 Antig.
724 2092 751 2137 o.
770 2074 828 2133 137
852 2071 945 2151 (dall.
969 2071 1029 2154 fug.
1050 2091 1082 2154 p.
1103 2072 1167 2133 334
1185 2067 1250 2148 tin.)
1274 2066 1330 2132 ad-

235 2186 349 2244 notans
374 2185 506 2259 „testem
527 2181 644 2247 omittit
666 2179 762 2247 etism
784 2180 909 2246 Plinius
933 2182 1061 2263 31,14.“
1095 2199 1169 2244 nom
1188 2176 1330 2243 dilucide

233 2287 492 2372 Theophrastum
515 2290 653 2370 („idem“
678 2289 771 2368 dioitl
794 2291 848 2355 ille
870 2289 1040 2374 signifieat.
1073 2308 1133 2354 neo
1156 2287 1260 2371 magis
1283 2288 1330 2352 in·

235 2396 354 2478 tellego
374 2417 430 2462 eur
451 2397 538 2465 idem
560 2399 602 2466 ad
624 2406 786 2468 duetorem
809 2420 871 2482 quo
895 2398 1019 2464 (lullim.
1043 2419 1069 2464 o.
1094 2401 1152 2462 136
1180 2415 1257 2462 usus
1289 2395 1332 2461 sit

233 2503 443 2570 indicandum
466 2505 664 2588 Stephanum
695 2508 738 2588 (ρ.
760 2506 901 2589 570,12)
921 2505 1049 2588 exoitet,
1080 2504 1199 2588 quippe
1228 2521 1331 2585 quem,

232 2612 290 2679 ubi
324 2619 438 2680 testem
473 2616 679 2686 Aristotelem
713 2615 865 2698 nominet
896 2613 1095 2680 intellexisse
1127 2617 1332 2697 personatum

232 2730 343 2808 pateat
365 2723 418 2804 (of.
444 2723 514 2788 mir.
534 2743 621 2789 auso.
647 2727 706 2788 115
724 2723 816 2806 W.)].
858 2722 949 2805 (137)
970 2717 1031 2804 την
1052 2719 1087 2786 δὲ
1114 2755 1152 2768 -
1179 2713 1332 2805 κρήνην

236 2870 274 2879 -
298 2827 384 2912 ἔχειν
406 2867 456 2910 -‚
479 2825 675 2914 ἱστορεῖν
707 2829 911 2894 δὲ-ταῦτα
946 2824 1219 2912 Θεόπομπον,
1242 2827 1330 2910 (138)

234 2925 478 3020 Είίδοξονδὲ
503 2975 550 3017 -,
583 2938 672 3019 (139)
693 2931 828 3002 Λύκον
850 2933 885 3000 δὲ
909 2972 947 2982 -
970 2934 1082 3019 λέγειν,
1114 2929 1173 3022 τὴν
1194 2933 1269 3018 μὲν
1290 2969 1331 2980 -
1363 2915 1370 2940 “

233 3041 294 3132 τήν
313 3045 360 3112 δὲ
382 3085 419 3094 -
442 3045 583 3132 πλησίον
603 3045 647 3112 δὲ·
669 3086 721 3130 -,
744 3046 832 3128 (140)
854 3037 1109 3127 Ἀρέθουσαν
1130 3042 1166 3108 δὲ
1181 3081 1219 3089 -
1245 3042 1332 3125 [uum

234 3177 260 3223 e.
273 3157 331 3221 139
355 3157 613 3242 eoniungendum
632 3175 703 3223 esse
724 3155 822 3222 etiam
846 3154 1017 3240 Muellenh.
1038 3153 1123 3220 uidit
1133 3154 1166 3220 ll.
1177 3174 1208 3238 p.
1220 3156 1282 3216 438
1290 3154 1332 3230 *].

233 3265 323 3346 (141)
347 3261 660 3350 Θεόπομπον·δὲ
691 3287 791 3351 φησιν
821 3264 958 3349 γράφειν
980 3265 1040 3349 τῆς
1070 3259 1141 3346 μὲν
1166 3297 1214 3344 -,
1243 3261 1332 3342 (142)

232 3371 267 3440 ἐν
287 3368 477 3461 Σκοτούσση
499 3372 527 3438 δ’
553 3363 636 3436 εἶναι
657 3407 708 3456 -,
737 3371 826 3455 (143)
854 3368 889 3436 ἑκ
910 3367 952 3435 δὲ
972 3373 1030 3458 τῆς
1051 3405 1100 3436 -.
1131 3370 1221 3453 (144)
1259 3368 1333 3432 Τῶν

233 3482 261 3548 d'
287 3519 327 3530 -·
349 3485 474 3569 κρηνῶν
495 3480 598 3565 λέγειν
617 3473 881 3566 Ἀριστοτέλη
899 3515 947 3560 -,
971 3480 1059 3564 (145)
1081 3475 1269 3563 Κτησίαν
1290 3472 1333 3542 δὲ

235 3590 293 3682 τὴν
306 3631 359 3675 -,
375 3593 464 3676 (146)
478 3585 537 3678 τὴν
552 3590 572 3654 δ
579 3589 596 3655 ὲ
618 3588 652 3655 ἓν
667 3595 739 3668 τοῖς
752 3581 895 3668 Ἰνδικοῖς
915 3583 1031 3676 κρήνην
1042 3623 1081 3634 -
1096 3587 1240 3670 [Ctesias
1254 3587 1334 3652 hueo

235 3726 307 3774 esse
338 3704 424 3770 Plini
452 3702 485 3783 (l.
509 3702 559 3785 31,
578 3701 632 3782 21)
665 3701 849 3768 testimonio
883 3699 1110 3778 confirmatur}
1153 3693 1242 3780 (147)
1264 3681 1332 3790 Εὕ-

235 3813 354 3894 δοξον
373 3811 402 3876 δ’
426 3804 570 3894 ἱστορεῖν
590 3811 648 3896 τῆς
668 3806 742 3891 μὲν
761 3845 811 3886 -—‚
834 3810 922 3889 (143)
944 3806 1021 3892 περὶ
1043 3803 1083 3872 δὲ
1104 3799 1163 3891 τὴν
1183 3793 1332 3886 Ἀθαμα-

239 3921 309 3987 νίαν
330 3938 379 3968 -·
412 3921 500 4002 (149)
523 3913 604 3984 κατὰ
626 3917 662 3983 δὲ
683 3913 741 4004 τὴν
762 3909 918 4002 Ἀραβίαν
940 3956 979 3968 -
1002 3906 1252 4000 Ἀμώμητόν
1273 3934 1333 4000 φη-

235 4055 287 4098 σιν
320 4024 487 4117 γράφειν’
511 4028 602 4112 (150)
633 4027 743 4110 Περί
774 4024 814 4094 δὲ
842 4027 997 4109 λιμνῶν
1029 4022 1222 4110 Κτησίαν
1252 4019 1332 4104 μὲν

235 4134 380 4222 ἱστορεῖν
410 4137 517 4222 λέγει
551 4137 584 4220 [e
617 4137 699 4202 doni.
731 4136 848 4212 Bentl]
886 4170 933 4219 -,
970 4133 1059 4216 (151)
1093 4125 1333 4218 Ζηνόφιλσν

235 4247 272 4313 δὲ
304 4286 353 4329 -,
386 4251 473 4331 (152)
504 4241 562 4331 τὴν
590 4241 627 4310 δὲ
661 4278 700 4288 -
728 4237 1010 4326 Ἡρακλείδην
1040 4235 1187 4328 γράφειν.
1240 4237 1330 4322 (153)
